2807 3289
1371 125 1638 169 ..12—

336 258 403 302 De
417 255 638 319 Arethusa
645 265 743 297 vero
764 264 865 307 quae
890 249 1112 292 tradiderat
1128 249 1347 300 Timaeus,
1375 261 1427 290 ea
1447 253 1657 303 tantopere
1674 254 1789 292 erant
1805 263 1883 291 non
1900 249 2067 304 vulgata
2085 249 2218 293 solum
2236 252 2341 305 apud
2360 258 2551 305 veteres,-
2582 253 2659 299 aad

328 309 464 389 *etiam
480 344 508 372 a
520 331 658 374 multis
673 327 844 380 credita,
881 329 927 364 ut
946 328 1071 365 etiam
1089 324 1238 365 Strabo
1269 324 1357 372 (lib.
1382 321 1450 363 VI.
1470 336 1509 376 p.
1528 323 1629 365 270.
1642 324 1750 369 264.
1776 322 1983 376 Siebenk.)
1994 322 2160 363 multum
2182 328 2222 365 in
2238 326 2461 369 refellenda
2474 330 2556 369 ista
2574 331 2683 381 opi-

338 397 462 448 nioue
485 404 750 444 consumserit
766 412 928 451 operae
943 400 988 448 ³¹)
1295 424 1301 431 ³

392 515 394 517 ,
446 473 603 517 Similia
617 473 699 524 his,
729 485 833 525 quae
849 471 955 524 apud
972 470 1205 511 Goellerum
1216 483 1310 523 pag.
1322 467 1413 510 18⁸².
1424 481 1474 509 ex
1489 469 1659 521 Polybio
1669 469 1892 509 afferuntur
1903 470 2011 510 falso
2020 471 2070 510 ab
2088 470 2252 510 Timaeo
2272 470 2321 510 de
2338 471 2478 525 ltalia,
2506 472 2657 523 Africa,

344 550 508 598 Corsica
533 545 695 587 tradita.

448 623 569 662 Justo
587 625 722 659 autem
742 623 916 672 iniquius
935 618 1176 671 Polybium'
1164 633 1205 658 in
1225 617 1419 670 ejusmodi
1439 618 1562 657 rebus
1583 617 1792 668 judicasse
1815 616 1864 656 de
1892 617 2057 657 Timaeo
2078 618 2167 658 luce
2185 620 2333 658 clarius
2352 618 2528 657 ostendit
2545 619 2661 659 locus
2707 594 2716 597 η

346 684 438 735 XII,
477 684 546 734 25,
574 683 615 723 7.
643 682 834 736 Schwgh.
855 680 1028 734 Fragm„
1041 680 1193 721 XXXI.
1225 694 1288 734 ap.
1310 679 1437 720 Goell.
1460 693 1499 758 Ρ.
1515 679 1609 720 235.
1638 674 1688 719 ἐν
1710 675 1771 732 τῇ
1790 674 1877 733 μιᾷ
1902 671 1984 719 καὶ
2011 674 2194 734 εἰκοστῇ
2218 674 2417 737 βίβλῳ,
2451 671 2534 721 καὶ
2550 672 2664 722 ταύ.

341 765 425 808 της
452 746 535 797 ἐπὶ
558 750 785 809 τελευτῇ,
828 745 964 810 λέγει
999 746 1232 807 (Τίμαιος)
1266 744 1396 794 κατοί
1418 742 1502 803 τῆν
1532 748 1612 792 τοῦ
1629 742 1935 804 Τιμολέοντος
1960 743 2261 808 παράκλησιν
2291 752 2458 796 ταῦτα
2523 739 2663 803 ,διότι

342 827 426 882 τῆς
449 826 557 882 γῆς,
589 827 670 880 τῆς
692 820 784 869 mro
810 826 880 885 τῷ
905 819 1059 886 κόσμω
1080 819 1315 879 κειμενης,
1356 819 1418 867 εἰς
1440 817 1546 882 τρία
1565 817 1675 881 μέρη
1700 812 1967 881 διῃρημένης,
1998 817 2082 867 κοιῖ
2099 824 2181 878 τῆς
2199 820 2285 880 μὲν
2305 817 2476 877 Ἀσίας,
2517 823 2598 878 τῆς
2615 811 2666 868 δὲ

342 894 549 954 Λιβύης,
580 886 715 953 τῆςὸ’
732 892 962 956 Εὖρωπης
985 891 1460 957 προςαγορευομένης“
1527 896 1682 939 ταῦτα
1707 910 1801 955 *γαρ
1826 888 1910 950 οὐχ
1933 911 2018 939 οιον
2046 890 2238 951 Τίμαιον
2259 894 2483 956 εἰρηκέναι
2503 909 2572 942 τις
2602 886 2665 941 οἲν

342 966 657 1023 πιστεύσειεν,
698 964 822 1015 ἀλλ’
853 962 948 1016 ουδὲ
973 987 1053 1016 τον
1080 965 1334 1026 λεγόμενον
1354 964 1645 1028 Μαργίτπν’
1624 984 1807 1013 εκεινον
1881 964 1951 1012 τίς
1977 962 2073 1026 yde
2101 961 2239 1013 οὕτως
2259 965 2383 1014 ἐστὶν
2413 960 2576 1027 οἱδοιῆς,
2620 962 2667 1014 ου’

346 1039 483 1100 λέγω
507 1043 602 1089 τῶν
626 1038 740 1102 προς
762 1036 1051 1100 ὑπομνήμασι
1084 1037 1344 1099 γεγονότων
1383 1076 1394 1087 .
1426 1077 1437 1088 .
1515 1045 1644 1088 ,Quo
1669 1045 1758 1085 loco
1787 1058 2024 1097 quamquam
2042 1049 2119 1085 viri
2138 1046 2267 1096 docti,
2298 1052 2391 1098 quia
2410 1055 2505 1099 post
2529 1058 2667 1114 γεγο-
2711 1060 2714 1063 ⁴

345 1112 492 1163 νότων
512 1119 672 1172 reliqua
691 1120 986 1172 interciderint,
1017 1121 1187 1161 dubitari
1201 1130 1324 1172 posse
1342 1120 1527 1167 censent,
1557 1116 1650 1169 quid
1664 1130 1689 1157 a
1705 1116 1874 1170 Polybio
1891 1121 2170 1170 vituperetur,
2180 1118 2277 1158 mihi
2297 1124 2429 1160 tamen
2448 1112 2490 1161 id
2508 1125 2667 1161 minime

344 1193 503 1233 videtur
523 1192 687 1247 dubium
705 1205 813 1233 esse.
858 1194 973 1233 Nam
1008 1206 1126 1245 quum
1151 1204 1201 1231 ex
1217 1195 1291 1241 iis,
1329 1201 1430 1242 quae
1456 1189 1747 1229 Timoleontem
1771 1189 1999 1242 loquentem
2021 1189 2175 1230 fecerat
2192 1190 2382 1231 Timaeus
2400 1192 2457 1233 nil
2481 1193 2558 1233 hoe
2576 1193 2666 1234 loco

346 1257 614 1318 adscripserit
631 1266 824 1318 Polybius
842 1271 1004 1317 praeter
1021 1278 1071 1304 ea
1087 1266 1231 1314 verba,
1262 1264 1404 1315 quibus
1416 1262 1565 1313 triplex
1583 1268 1913 1302 commemoratur
1930 1264 2040 1302 orbis
2054 1268 2252 1303 terrarum
2269 1264 2426 1316 divisio,
2457 1265 2551 1319 quid
2559 1266 2669 1307 aliud

346 1342 535 1395 putemus
550 1337 600 1377 ab
618 1350 667 1377 eo
685 1338 923 1395 reprehendi
935 1368 948 1388 ,
985 1341 1065 1378 nisi
1082 1351 1172 1377 eam
1190 1341 1320 1388 ipsam
1348 1335 1394 1375 de
1414 1335 1683 1387 descriptione
1708 1337 1817 1375 orbis
1837 1342 2035 1375 terrarum
2055 1341 2308 1376 sententiam.
2363 1338 2486 1390 Atqui
2502 1339 2667 1381 eandem

345 1414 590 1469 sententiam
609 1411 762 1451 multos
780 1415 977 1463 sequutus
996 1422 1091 1448 esse
1108 1412 1327 1461 scriptores
1340 1407 1602 1457 clarissimos,
1633 1411 1722 1460 quis
1740 1412 1805 1448 est
1831 1411 1895 1460 qui
1913 1411 2079 1448 nesciat.
2134 1409 2276 1462 Neque
2294 1411 2506 1462 quidquam
2520 1417 2671 1464 poterit

347 1489 500 1525 certius
529 1496 625 1523 esse
640 1512 652 1534 ,
690 1495 829 1535 quam,
869 1485 936 1534 qui
962 1482 1039 1520 hoc
1068 1484 1223 1520 nomine
1248 1483 1484 1531 vituperarit
1516 1479 1743 1530 Timaeum,
1783 1478 1922 1533 injusti
1951 1483 2090 1534 egisse
2112 1487 2251 1535 partes
2272 1486 2560 1526 insectator-iss
2607 1486 2667 1529 Cf.

348 1556 584 1608 Schweigb.
605 1560 647 1595 et
670 1555 800 1595 Goell.
821 1556 872 1595 ad
890 1556 919 1596 l.
935 1556 963 1594 l.

457 1627 609 1668 Verum
630 1629 732 1668 haec
755 1633 956 1681 utcunque
974 1641 1020 1667 se
1033 1627 1205 1678 habent,
1235 1627 1333 1667 illud
1350 1625 1441 1679 jure
1459 1625 1575 1665 nobis
1592 1625 1773 1666 videmur
1790 1630 2043 1677 existimare,
2072 1632 2171 1678 nisi,
2203 1630 2408 1670 Timaeum
2424 1635 2464 1671 in
2488 1633 2670 1672 historiis

351 1701 654 1743 conscribendis
666 1701 783 1754 justo
809 1702 1147 1755 negligentiorem
1164 1701 1314 1752 fuisse,
1354 1700 1605 1753 gravioribus
1627 1702 1907 1754 comprobetur
1925 1683 2197 1753 argumentis,
2241 1707 2322 1743 ista
2344 1718 2418 1743 nos
2436 1718 2670 1756 permovere

349 1787 428 1815 non
445 1787 571 1829 posse
582 1803 595 1826 ‚
625 1779 670 1813 ut
690 1774 739 1813 de
758 1774 1025 1815 Timoleontis
1045 1774 1203 1827 quidem
1220 1774 1339 1814 rebus
1358 1776 1511 1813 auctori
1532 1772 1592 1813 illi
1611 1772 1730 1814 fidem
1748 1786 1842 1814 esse
1861 1774 2106 1815 tribuendam
2128 1788 2334 1829 negemus,

455 1850 660 1898 Tertium,
691 1849 824 1899 quod·
813 1863 853 1887 ιιι
873 1849 1040 1887 Timaeo
1058 1853 1279 1899 vituperat,
1309 1848 1434 1886 multo
1450 1851 1570 1885 etiam
1589 1852 1755 1899 gravius
1774 1853 1838 1886 est
1855 1853 1976 1900 atque
1995 1848 2045 1887 ad
2068 1852 2196 1901 ipsam
2213 1853 2415 1902 pertinere
2432 1851 2588 1893 videtur
2605 1865 2669 1895 ve-

348 1925 487 1962 ruatis
518 1925 839 1981 contemtionem
901 1921 972 1961 Ait
999 1926 1103 1961 enim
1130 1923 1200 1961 ille
1232 1921 1353 1974 (Ang.
1375 1921 1471 1960 Mai.
1504 1935 1542 1971 Ρ.
1568 1921 1681 1969 387.,
1709 1921 1841 1958 Lucht
1865 1933 1905 1969 Ρ.
1930 1921 2027 1968 20),
2058 1924 2125 1970 qui
2152 1926 2325 1971 scriptor
2354 1916 2671 1974 deprehendatur

348 1979 471 2035 mmm
496 1993 564 2034 vel
588 1993 666 2035 duo
686 1993 894 2034 mendacia
916 1996 957 2031 in
987 2006 1089 2044 opus
1115 2006 1231 2032 suum
1259 1993 1442 2033 consulto
1468 1992 1680 2040 intulisse,
1710 1993 1797 2030 eius
1824 1990 1981 2042 reliqua
2005 1995 2135 2032 omnia
2161 1999 2351 2045 suspecta
2385 1995 2517 2047 reddi,
2543 2011 2671 2051 neque

349 2072 440 2107 tuto
456 2079 583 2118 posse
599 2081 674 2118 pro
692 2070 817 2106 certis
836 2066 990 2104 haberi.
1043 2064 1168 2116 Atqui
1187 2064 1392 2103 Timaeum
1422 2076 1541 2115 quum
1561 2062 1642 2101 alia
1659 2062 1785 2102 multa
1802 2063 1908 2102 falso
1923 2068 2183 2116 exposuisse,
2213 2067 2347 2107 studio
2366 2072 2536 2110 maxime
2554 2075 2622 2111 et
2611 2086 2672 2112 ira

345 2138 568 2191 impulsum
585 2138 738 2187 (Goell.
756 2152 850 2192 pag.
867 2137 965 2188 187,
995 2141 1129 2189 sqq),
1173 2142 1255 2176 tum
1278 2140 1481 2176 orationes
1509 2149 1640 2176 rerum
1658 2140 1873 2176 narrationi
1897 2141 2119 2178 inseruisse
2138 2140 2285 2180 multas
2304 2147 2424 2194 atque
2440 2143 2673 2185 admonitio·

350 2224 449 2263 nea,
492 2226 569 2252 non
592 2211 737 2265 quales
760 2212 812 2252 ab
829 2211 1153 2252 concionantibus
1173 2214 1453 2263 pronuntiatae
1477 2216 1637 2262 essent,
1667 2210 1739 2250 sed
1758 2211 2014 2264 quales'ipse
2031 2218 2218 2264 putasset
2233 2215 2437 2255 habendas
2452 2217 2605 2269 fuisse,
2634 2224 2671 2258 si

354 2288 446 2338 quis
461 2285 510 2325 de
531 2298 577 2325 re
594 2289 805 2339 proposita
827 2285 965 2326 dicens
985 2299 1062 2325 non
1086 2288 1298 2325 veritatem
1318 2288 1376 2324 rei
1394 2288 1532 2337 sequi,
1561 2284 1633 2324 sed
1659 2284 1929 2338 eloquentiam
1951 2298 2065 2326 suam
2084 2291 2289 2328 ostentare
2304 2289 2449 2341 vellet3
2477 2290 2560 2331 alia
2575 2292 2672 2333 alio-

352 2371 445 2399 rum
464 2359 720 2411 populorum,
749 2361 975 2410 hominum,
1002 2359 1181 2398 locorum
1195 2388 1206 2409 ‚
1235 2363 1459 2411 temporum
1478 2372 1574 2398 esse
1597 2362 1819 2398 orationum
1842 2372 2012 2413 genera3
2043 2373 2166 2412 quare
2192 2362 2433 2403 stultissime
2448 2368 2588 2417 egisse
2606 2366 2671 2407 Ti·

349 2444 516 2473 maeum
539 2433 678 2473 eadem
708 2437 864 2473 ratione
884 2433 1104 2485 eodemque
1132 2432 1316 2484 exemplo
1340 2434 1505 2484 quosvis
1522 2432 1704 2471 homines
1729 2433 1876 2485 ubique
1900 2433 2151 2473 inducentem
2179 2435 2303 2476 verba
2328 2435 2547 2488 facientes,
2593 2452 2670 2491 quo

342 2503 508 2544 factum
523 2517 642 2555 esse,
677 2510 723 2544 ut
745 2506 895 2545 multae
913 2510 1002 2545 eius
1019 2510 1223 2546 orationes
1242 2518 1371 2557 neque
1395 2505 1622 2546 hominibus
1641 2511 1780 2546 essent
1796 2511 1935 2559 aptae,
1973 2520 2102 2561 neque
2130 2507 2399 2548 vel'locorum
2424 2509 2490 2549 vel
2522 2514 2671 2564 tempo-

350 2589 443 2619 tum
462 2582 753 2631 opportunitati
775 2590 871 2618 sese
894 2579 1151 2629 applicarent.

463 2649 516 2688 Et
531 2650 851 2691 maledicentiam
870 2649 1029 2703 quidem
1046 2650 1152 2689 haud
1169 2650 1486 2701 injuriaTimaeo
1504 2653 1770 2703 exprobrasse
1794 2653 2006 2704 Polybium
2020 2679 2031 2701 ,
2070 2651 2238 2691 aliorum
2261 2666 2416 2705 quoque
2434 2658 2672 2709 scriptorum

356 2719 504 2762 docent
519 2727 771 2775 testimonia,
806 2736 910 2777 quae
928 2722 1020 2765 vide
1040 2722 1145 2775 apud
1164 2722 1391 2766 Goellerum
1412 2738 1506 2779 pag.
1520 2724 1599 2766 192
1617 2738 1678 2778 sq.
1735 2723 1818 2766 Sed
1839 2724 1987 2765 ibidem
2005 2728 2183 2766 invenies
2202 2739 2279 2765 non
2295 2731 2467 2780 omissa,
2498 2743 2599 2782 quae
2623 2729 2673 2769 de
2710 2772 2715 2776 ,

399 2880 439 2919 ‘)
461 2877 515 2915 Cf·
540 2878 692 2917 Goeller.
710 2882 753 2915 ad
769 2882 908 2916 Timaei
924 2881 1051 2926 fragm.
1071 2891 1152 2925 pag.
1173 2885 1245 2918 303.
1265 2884 1443 2923 Μειιιιιοιι.
1463 2883 1587 2928 Geogr.
1603 2883 1671 2917 IX.
1696 2883 1737 2918 Β,
1766 2892 1847 2926 pag.
1866 2885 1940 2919 ³25.
1965 2883 2076 2918 Ukert
2091 2883 2219 2928 Geogr.
2234 2883 2268 2917 11
2280 2908 2289 2924 ,
2311 2888 2342 2919 1.
2359 2894 2438 2928 pag.
2452 2887 2508 2917 40.
