2807 3289
1204 142 1442 199 ‘'l-.-

175 302 186 309 .
196 292 221 301 ν-
240 272 739 329 influenti-tractandas
751 276 811 314 ita
818 271 1075 323 disposuerat
1082 268 1268 320 Athenis,
1296 271 1475 321 ntprimo
1486 266 1591 320 libro
1597 266 1774 306 breviter
1788 279 1836 306 ac
1845 269 2074 307 summatim
2089 262 2161 315 (ἐν
2176 263 2474 326 κεφαλαίοις)

168 352 381 407 agereti-
389 347 587 401 Dionysio
605 351 757 388 minore
765 343 940 396 ”explens
954 355 1026 394 ea,
1062 347 1167 395 'quae
1182 342 1380 382 Philistus
1406 342 1625 394 reliquerat
1642 340 1899 381 absolvenda.
1966 340 2056 381 Quo
2075 340 2185 383 facto
2203 346 2262 383 ita
2278 346 2411 396 potuit
2426 345 2476 384 ad

162 417 535 467 Manum-im
551 418 789 472 transgredi,
817 422 864 458 ut
879 421 1074 470 perpetua
1089 416 1320 461 efficeretur
1334 420 1533 457 enarratio
1549 427 1678 467 neque
1693 418 1798 454 inter
1818 418 1882 454 sui
1898 416 2032 466 operis
2048 417 2201 457 initium
2217 430 2268 458 ac
2285 416 2475 459 Philistei

163 500 299 552 ψει-Β
326 497 481 536 exitum
494 494 787 547 relinqueretur
815 490 1029 543 quidquam
1052 494 1180 544 spatii,
1208 489 1369 530 silentio
1397 491 1675 543 praetermissi
1699 483 1891 539 (συνεχῆ
1906 476 1991 539 τήν
2004 476 2200 543 ἱστορίαν
2224 481 2474 541 ἐποίησεν).

161 568 318 612 nunde
334 572 560 610 accuratius
579 566 687 607 haud
715 564 832 604 dubie
856 569 899 604 et
924 564 1325 619 copiosiuspreliquis,
1346 563 1460 604 libris
1481 566 1668 616 exposuit
1692 576 1761 602 res
1784 563 1929 603 Dionis
1942 590 1956 613 ,
1995 575 2161 614 quarum
2180 567 2473 604 enarrationem

160 647 336 684 maxime
357 643 441 684 sibi
460 642 618 683 videtur
632 638 806 680 Athanis
831 641 1094 690 proposuisse
1120 643 1163 679 et
1187 641 1438 691 praecipuam
1460 637 1613 687 fecisse
1633 640 1767 690 operis
1785 639 1850 677 sni
1875 641 2045 690 partem.
2108 636 2372 685 Manifestum
2394 636 2471 676 hoc

159 721 229 756 ent
247 728 298 756 et
316 728 388 766 eo,
416 713 522 766 quod
549 712 753 752 Diodorus
765 741 778 762 ,
814 724 916 764 opus
935 711 1012 751 hoc
1032 711 1214 751 Athanae
1236 710 1541 763 designaturus,
1579 701 1672 751 τᾶς
1694 700 1802 765 weyt*
1816 701 1975 752 Δίωνα
1992 699 2193 765 πράξεις
2213 694 2470 764 potissimum

159 781 444 830 commemorat
464 797 618 838 easque
641 797 729 825 cum
743 787 873 837 primo
888 787 969 824 isto
992 783 1096 828 libro
1109 812 1124 835 ,
1161 787 1228 838 qui
1249 783 1309 828 ,de
1321 782 1504 837 Dionysii
1519 786 1686 824 minoris
1712 787 1801 823 erat
1819 783 1963 833 rebus,
1998 788 2056 825 ita
2079 787 2304 838 componit,
2336 788 2383 823 nt
2401 782 2470 831 lrei

158 866 273 906 actae
297 871 455 900 summa
470 871 520 898 ac
542 862 760 911 praecipua
781 870 877 911 pars
906 862 1128 911 comparari
1144 858 1328 916 yidcatur
1343 871 1431 897 cum
1448 857 1616 911 quodam
1634 861 1750 910 quasi
1770 849 2013 913 παρέργῳ,
2055 860 2160 911 qnod
2187 859 2319 898 levius
2345 856 2469 896 fuerit

156 946 205 976 ae
228 937 397 975 minoris
409 936 613 973 momenti.
667 932 812 985 Neque
838 937 972 973 tamen
990 936 1087 985 puto
1102 960 1115 983 ,
1144 935 1195 972 iis
1220 932 1386 983 finibus,
1425 932 1567 986 quibus
1592 930 1736 981 Dionis
1762 936 1878 972 aetas
1901 937 1992 972 erat
2012 935 2336 983 circumscripta,
2373 942 2466 969 con·

153 1011 329 1049 tinuisse
348 1020 395 1047 se
406 1006 579 1047 Athanin
591 1036 603 1057 ,
633 1019 680 1046 ac
699 1007 848 1058 probo,
879 1005 983 1059 quod
1004 1005 1186 1060 Heynins
1204 1005 1294 1047 loco
1317 1006 1477 1048 laudato
1493 1006 1571 1047 hac
1590 1004 1639 1046 de
1657 1018 1702 1046 re
1721 1005 1839 1056 dixit,
1869 1007 1905 1045 si
1920 1003 1996 1045 hac
2013 1007 2232 1058 accipiatur
2249 1006 2464 1054 sententia,

154 1079 393 1124 int-Athenis
420 1079 575 1127 dicatur
596 1092 673 1118 non
704 1082 805 1119 citra
829 1079 895 1121 01.
919 1078 1025 1129 cvl,
1053 1078 1081 1119 3
1109 1081 1222 1127 (aute
1249 1080 1340 1120 Chr.
1367 1093 1404 1120 n.
1434 1079 1536 1129 354]
1556 1079 1814 1127 substitisse,
1853 1090 1931 1130 quo
1951 1092 2050 1118 anno
2076 1082 2236 1118 occisus
2259 1082 2327 1117 est
2341 1078 2462 1126 Dion,

152 1165 229 1196 non
245 1153 371 1206 probo
382 1179 396 1204 ,
423 1156 574 1205 siquis
596 1156 777 1204 statuere
794 1152 914 1203 velit,
942 1165 1019 1191 non
1034 1151 1143 1192 ultra
1158 1152 1271 1193 illum
1286 1157 1496 1194 terminum
1512 1152 1687 1193 Athanin
1704 1155 1975 1205 processisse,
2006 1152 2112 1204 quod
2130 1154 2272 1191 statuit
2295 1149 2461 1190 Schoel-

150 1227 230 1270 lina
258 1227 306 1267 T.
332 1226 363 1266 1.
387 1240 481 1279 pag.
510 1226 601 1266 34⁷.
635 1239 775 1278 parum
804 1231 921 1266 caute
955 1239 1197 1275 asseverans
1225 1226 1426 1267 Athanam
1448 1227 1743 1280 Syracusanum
1778 1226 1990 1268 historiam
2023 1225 2203 1267 edidisse
2237 1224 2381 1266 Dionis
2408 1221 2460 1264 ab

149 1297 251 1344 auno
274 1312 313 1350 a.
329 1298 420 1340 Chr.
429 1297 521 1340 362.
543 1301 624 1347 (sic
647 1302 752 1339 enim
772 1298 1023 1339 scribendum
1040 1312 1113 1352 pro
1135 1311 1199 1350 eo,
1226 1298 1334 1353 ‘quod
1357 1298 1495 1340 mendo
1517 1299 1804 1353 typographico
1830 1303 2023 1353 scriptum
2039 1302 2107 1338 est
2126 1298 2227 1348 3412)
2258 1308 2387 1349 nsque
2408 1295 2462 1335 ad

63 1379 74 1386 ‘
148 1384 291 1411 annum
308 1371 405 1411 354.
456 1371 562 1410 Nam
586 1371 709 1410 latius
736 1375 918 1424 patuisse
944 1371 1034 1422 ejus
1061 1384 1163 1428 opus
1188 1384 1308 1426 quum
1329 1371 1418 1410 inde
1435 1376 1567 1424 possit
1592 1372 1755 1422 colligi,
1792 1373 1896 1423 quod
1919 1373 2061 1412 titulus
2077 1376 2116 1411 ei
2140 1374 2362 1422 inscriptus
2381 1368 2462 1407 fnit

145 1433 410 1508 Σικελικά,
442 1448 524 1483 tum
541 1456 590 1483 eo
613 1447 827 1493 evincitur,
864 1444 968 1496 quod
992 1448 1032 1483 in
1051 1445 1195 1496 quibus
1214 1445 1334 1484 rebus
1359 1444 1598 1485 Plutarchus
1625 1444 1799 1484 Athanin
1824 1445 2004 1484 adhibuit
2029 1450 2196 1495 testem,
2233 1456 2308 1483 eae
2323 1445 2460 1495 poste-

147 1520 270 1559 rioris
290 1516 404 1557 fuere
422 1519 629 1569 temporis.
682 1515 878 1556 Fortasse
899 1520 1044 1571 igitur,
1082 1516 1413 1570 quemadmodum
1446 1519 1655 1568 praemisit
1677 1520 1752 1568 iis,
1783 1530 1884 1570 qnae
1913 1518 1962 1557 de
1985 1517 2115 1557 Dione
2132 1515 2324 1570 prodidit,
2340 1542 2343 1544 >
2361 1527 2457 1554 non·

146 1590 270 1642 nissla,
289 1602 391 1643 quae
407 1589 455 1629 de
477 1590 673 1643 Dionysio
694 1593 846 1630 minore
862 1595 981 1631 antea
1001 1595 1116 1631 erant
1140 1591 1327 1642 dicenda,
1356 1593 1413 1629 ita
1429 1594 1625 1643 expositis
1645 1590 1788 1630 Dionis
1805 1579 1927 1631 rebus
1943 1591 2093 1631 addidit
2114 1590 2304 1630 nonnulla
2321 1588 2371 1628 de
2388 1589 2456 1638 iis,

145 1676 247 1717 quae
262 1668 357 1715 post
369 1663 512 1703 Dionis
529 1662 691 1702 caedem
708 1664 935 1703 acciderant
949 1664 1217 1718 Syracusanis
1237 1665 1303 1704 vel
1322 1668 1477 1704 omnino
1490 1663 1653 1704 Siculis.
1711 1665 1827 1705 Quae
1847 1679 1925 1717 quo
1944 1678 2071 1717 usque
2087 1665 2320 1717 produxerit
2332 1662 2458 1703 Atha-

145 1741 233 1788 nis,
260 1749 316 1775 eo.
334 1739 465 1776 minus
490 1736 588 1775 licet
610 1741 721 1775 certo
741 1737 966 1788 affirmare,
1003 1738 1109 1790 quod
1126 1752 1175 1779 ne
1194 1738 1270 1778 hoc
1289 1738 1445 1791 quidem
1469 1738 1587 1778 nobis
1606 1742 1807 1792 cognitum
1826 1744 1912 1790 est,
1951 1752 2029 1790 qua
2051 1739 2122 1778 ille
2144 1741 2289 1778 vixerit
2308 1740 2455 1776 aetate.

100 1825 128 1843 α
143 1808 286 1862 Neque
300 1813 433 1848 tamen
449 1821 690 1861 magnopere
707 1821 862 1860 vereor,
879 1822 928 1849 ne
942 1810 1075 1859 fallar,
1104 1814 1338 1861 aestimans,
1359 1809 1534 1850 Athanin
1548 1815 1598 1851 iis
1614 1815 1716 1863 ipsis
1731 1812 1866 1860 rebus,
1896 1822 1997 1861 quae
2005 1810 2135 1849 Dione
2143 1822 2191 1848 ac
2201 1808 2452 1848 Timoleonte

145 1881 312 1933 ducibus
324 1880 431 1934 apud
445 1880 723 1933 Syracusanos
741 1885 884 1932 gestae
904 1884 1005 1936 sint,
1039 1881 1169 1922 fuisse
1186 1883 1407 1935 aequalem.
1463 1883 1605 1936 Neque
1626 1896 1702 1936 quo
1725 1887 1885 1935 ingenio
1901 1883 2024 1922 fuerit
2039 1881 2212 1921 Athenis
2223 1909 2236 1932 ,
2265 1892 2341 1919 nec
2360 1876 2457 1931 quid

142 1960 185 2001 in
200 1956 293 2007 ejus
308 1967 428 2008 opere
449 1953 515 1993 vel
531 1952 650 2007 laude
669 1952 792 1992 fuerit
814 1953 997 2005 dignum,
1043 1954 1110 1993 vel
1134 1959 1443 2009 vituperatione,
1473 1953 1717 2007 compertum
1734 1957 1943 1997 habemus.
2005 1954 2146 1994 Possit
2162 1954 2375 2007 aliquisex
2388 1963 2453 2002 eo,

144 2030 250 2084 quod
265 2029 429 2070 Philisti
447 2029 560 2080 operi
575 2038 674 2066 suos
697 2029 813 2078 quasi
832 2038 1010 2066 annexos
1027 2038 1128 2067 esse
1153 2030 1196 2067 et
1213 2025 1444 2085 conjunctos
1460 2028 1635 2068 voluerit
1651 2026 1800 2079 libros,
1838 2014 2105 2080 conjecturam
2126 2029 2283 2079 facere,
2320 2029 2452 2067 animo

142 2109 297 2157 quoquc
312 2105 355 2140 et
369 2099 547 2141 moribus
557 2098 730 2138 similem
746 2097 878 2137 fuisse
894 2097 1083 2151 Philisto,
1104 2112 1224 2153 quem
1241 2100 1359 2141 Corn.
1374 2099 1475 2151 Nep.
1487 2103 1527 2140 in
1537 2099 1654 2141 Dion.
1665 2101 1703 2142 3.
1725 2102 1924 2142 hominem
1940 2101 2070 2142 fuisse
2080 2102 2266 2155 perhibet
2280 2102 2453 2140 amicum

130 2167 218 2216 *non
242 2177 375 2228 magis
400 2177 567 2226 tyranno
595 2184 712 2224 quam
738 2169 949 2224 tyrannidi.
1009 2170 1067 2212 At
1091 2172 1191 2212 haec
1213 2176 1393 2225 suspicio
1422 2176 1515 2224 quia
1542 2174 1670 2214 firmis
1698 2187 1745 2214 ac
1770 2179 1894 2215 certis
1920 2189 1998 2215 non
2022 2179 2159 2214 nititur
2184 2174 2446 2227 argumentis,

142 2235 314 2303 ιοςῃίιιῤ
327 2247 451 2299 fuerit
462 2245 788 2286 honorificentius
808 2244 857 2284 de
875 2256 924 2284 eo
941 2243 1146 2296 judicare,
1183 2251 1304 2298 atque
1330 2259 1380 2286 ex
1397 2252 1480 2296 eo,'v
1507 2248 1612 2300 quod
1641 2248 1784 2288 Dionis
1804 2253 1973 2289 maxime
1995 2260 2063 2288 res
2088 2248 2165 2287 sibi
2190 2243 2448 2301 exponendas

141 2325 318 2373 sumsit„
336 2320 550 2373 colligere,
578 2322 709 2373 magis
730 2321 769 2359 ei
785 2317 988 2374 placuisse
1006 2318 1207 2377 libertatis
1226 2319 1443 2369 vindicem,
1474 2334 1591 2373 quam
1613 2323 1906 2373 oppreSsorem.

246 2403 327 2446 Sed
343 2403 565 2445 uberrimos
582 2400 687 2443 haud
702 2400 819 2443 dubie
836 2400 970 2443 fontes
985 2413 1117 2443 rerum
1137 2402 1188 2447 ad
1206 2401 1467 2444 Timoleontis
1482 2402 1591 2444 facta
1613 2403 1888 2456 pernoscenda
1902 2404 2210 2447 utilissimarum
2232 2407 2446 2461 aperuerat

145 2667 170 2694 Γ
222 2664 360 2698 ruffine
376 2665 421 2697 de
441 2667 616 2709 Dionysio
637 2668 791 2708 minore,
824 2676 929 2709 quam
949 2666 980 2699 oi
1000 2667 1204 2709 respiciatur
1224 2675 1362 2711 tempus
1384 2675 1477 2701 extra
1496 2668 1587 2702 fines
1607 2671 1762 2711 positum
1783 2671 1900 2712 operis
1920 2670 2044 2711 integri
2063 2678 2209 2712 remque
2226 2666 2445 2711 propot'ntm

221 2724 546 2769 comprehendentis
567 2736 691 2771 totam,
721 2730 834 2773 qualis
856 2735 927 2763 erat
942 2727 1079 2762 Philisti
1097 2727 1241 2763 historia
1262 2731 1423 2775 Dionysii
1444 2733 1603 2764 senioris.
1631 2749 1673 2756 —
1703 2733 1861 2765 Rationis
1882 2743 1902 2764 a
1928 2729 2027 2763 nobis
2054 2732 2182 2774 initae,
2212 2742 2284 2776 qua
2310 2737 2445 2775 septem

113 2840 121 2846 .
142 2799 154 2817 .-
189 2791 207 2812 ἰ
221 2791 404 2829 annorum,
423 2795 581 2830 quorum
596 2789 776 2824 historiam
795 2792 928 2825 addidit
946 2791 1090 2828 athani-
1110 2794 1211 2836 operi
1229 2799 1307 2836 suo,
1328 2795 1466 2828 initium
1486 2795 1627 2828 ducitur
1648 2794 1689 2827 ab
1711 2796 1789 2837 ipso
1811 2795 1872 2826 illo
1887 2791 2104 2836 Olympiadis
2118 2794 2197 2829 clv
2217 2805 2311 2828 anno
2330 2793 2441 2831 tertio,

144 2872 150 2876 -
217 2852 317 2886 uzuh
337 2860 426 2895 opus
446 2854 554 2884 suum
565 2851 717 2886 Athenin
735 2864 902 2891 exorsum
921 2864 997 2893 ene
1016 2856 1100 2893 dicit
1117 2856 1310 2901 Diodorus,
1339 2860 1428 2893 viam
1446 2857 1652 2896 monetavit
1672 2858 1811 2906 Clinton
1837 2858 1875 2890 in
1897 2855 1993 2891 fanti·
2010 2858 2153 2893 Hellen.
2185 2870 2266 2903 pag.
2286 2861 2356 2892 12⁴·
2378 2856 2442 2889 1²0

222 2915 285 2947 1³⁴.
302 2925 353 2959 sq.
374 2913 428 2950 ed.
446 2913 559 2958 Kriig.

2739 0 2807 46 ³3²}
