2807 3289
1343 153 1584 207 ...ι’-

295 296 360 336 nis
376 293 527 336 dicitur
551 288 842 335 Timoleontem
870 288 1276 345 perhibuisse,rdum
1295 288 1446 332 bellum
1466 296 1555 330 cuni
1584 288 1770 344 Hippone
1792 293 1835 332 et
1853 290 2059 332 Mamerco
2078 293 2262 345 tyrannis
2290 292 2437 349 gerens
2455 291 2647 350 Hylias
2720 329 2724 332 ⁴
2765 279 2768 282 ⁴

297 368 527 420 obsideret,
556 366 684 408 oculis
709 370 871 419 captum
888 378 1007 419 esse,
1037 379 1156 420 quum
1174 365 1243 406 alii
1261 368 1480 416 scriptores
1497 367 1725 417 posteriore
1749 369 1951 419 tempore,
1987 364 2108 406 hellis
2132 367 2317 409 omnihus
2343 368 2539 411 confectis
2565 381 2617 412 ae
2640 386 2644 387 ⁷
2675 351 2682 356 ’

286 440 555 497 'tyrannorum
576 444 760 494 imperiis
780 443 966 482 omnibus
985 441 1163 491 abolitis,
1184 439 1382 481 accidisse
1397 439 1665 485 calamitatem
1686 439 1798 493 illam
1809 440 2050 481 Timoleonti
2067 443 2284 481 memoriae
2301 432 2567 495 prodiderint.
2676 432 2681 435 ’

403 516 519 557 Quos
536 518 673 555 autem
690 519 923 556 nominatim
939 520 1070 556 testes
1092 513 1272 553 adhibuit
1292 513 1553 565 Plutarchus,
1592 513 1816 567 ubicunque
1830 514 1897 555 vel
1915 514 2190 568 discreparent
2206 527 2275 556 res
2292 521 2523 572 expositae,
2549 518 2616 561 vel

296 589 505 646 singulare
522 588 676 643 aliquid
693 592 763 630 uni
789 589 957 637 alterive
975 593 1089 629 esset
1112 592 1320 640 acceptum
1343 587 1617 640 referendum,
1653 586 1818 629 eosdem
1842 594 2153 632 consentaneum
2169 594 2236 632 est
2262 602 2335 644 per
2350 593 2478 632 totam
2504 604 2618 635 enar·

294 664 459 705 randam
479 663 749 704 Timoleontis
767 667 909 713 vitam,
938 665 1193 702 etiamsinon
1211 665 1451 712 nominaret,
1481 667 1695 715 sequutum
1726 673 1821 701 esse
1846 660 1983 704 duces.
2566 707 2568 709 ,

401 736 466 778 De
484 736 627 791 Epho
639 741 682 778 ri
702 751 749 778 ac
776 736 1088 788 Theopompi
1107 738 1271 787 scriptis
1285 764 1297 786 ,
1327 737 1587 786 auctoritate,
1616 734 1696 774 fide
1724 738 1783 775 ita
1801 747 1915 777 nune.
1931 739 2065 776 omnia
2089 741 2184 777 sunt
2208 741 2382 779 virorum
2411 736 2617 780 doctorum

296 811 433 852 studio
452 824 501 852 ac
520 811 728 865 diligentia
745 814 1014 862 pertractata,
1043 814 1109 859 ut,
1140 811 1180 847 in
1202 808 1265 846 his
1285 809 1406 847 rebus
1426 812 1463 847 si
1481 808 1629 848 diutius
1647 808 1818 848 velimus
1829 812 1999 859 morari,
2029 814 2121 849 acta
2138 810 2343 851 videamur
2358 802 2613 852 actm-sesac.

297 883 657 938 Theopompus
680 882 724 934 ³³³)
755 882 903 934 Chius,
941 881 1138 935 Dionysio
1164 880 1518 921 Halicarnassensi
1552 885 1660 922 teste
1694 872 2068 937 ἐπιφανέστατος
2099 872 2298 925 πάντων
2335 873 2615 940 Ἰσοκράτους

296 947 546 1008 μαθητῶν,
565 969 684 1011 quum
704 955 913 997 duodecim
927 955 1046 996 libris
1067 945 1367 1005 εΕλληνικῶν
1388 967 1456 994 res
1476 939 1719 995 Graecorum
1746 955 1797 996 ab
1814 955 1881 997 01.
1897 954 2030 1007 XCII,
2057 954 2086 997 2
2114 956 2165 997 ad
2182 955 2247 1006 01.
2269 951 2419 1010 xcvl‘,
2432 958 2475 1001 '3
2502 969 2615 1000 enar-

295 1020 466 1082 raverit,
497 1029 637 1073 deinde
656 1030 1003 1084 duodesexaginta
1025 1024 1332 1069 Φιλιππικῶν
1349 1028 1463 1068 libris
1480 1028 1654 1081 Philippi
1665 1027 1900 1069 Macedonis
1916 1030 2157 1082 jexposuerit
2173 1020 2295 1071 vitam
2312 1036 2354 1071 et
2373 1043 2441 1071 res
2458 1036 2613 1087 gestas,

280 1107 487 1148 *incertum
502 1107 638 1159 possit
651 1103 782 1145 videri
799 1107 840 1144 in
854 1107 947 1144 utro
965 1115 1088 1156 opere
1104 1114 1237 1143 rerum
1254 1101 1305 1142 ad
1321 1101 1611 1161 Timoleontem
1627 1105 1910 1154 pertinentium
1925 1106 2289 1144 commemorationi
2306 1108 2484 1157 potuerit
2497 1104 2614 1146 locus

294 1177 392 1218 dari.
446 1176 531 1218 Sed
563 1182 769 1219 testantur
797 1178 966 1218 Photius
996 1180 1037 1217 in
1065 1175 1278 1228 Excerptis
1303 1162 1344 1215 et
1365 1174 1535 1228 Dionys.
1562 1173 1656 1215 Hal.
1676 1175 1726 1216 de
1750 1179 1830 1216 vet.
1849 1177 1986 1227 script.
2009 1187 2118 1226 cens.
2135 1174 2204 1227 111,
2221 1176 2261 1217 3.
2289 1175 2380 1218 Vol.
2401 1176 2450 1219 V.
2473 1176 2622 1231 μα’

292 1249 435 1290 Reisk.
460 1253 625 1304 saepius
646 1263 762 1292 usum
783 1262 879 1290 esse
904 1249 1205 1302 Tbeopompum
1230 1248 1550 1302 digressionibus
1569 1247 1637 1298 ²²²²)
1659 1252 1702 1289 et
1720 1248 1845 1289 multa
1858 1248 2055 1289 historiae
2070 1247 2320 1303 Philippicae
2344 1247 2612 1292 admiscuisse

294 1325 518 1380 antiquiora
537 1330 658 1375 atque
676 1337 703 1363 a
719 1324 895 1376 Philippi
911 1323 1035 1362 rebus
1052 1323 1200 1361 aliena.
1227 1321 1416 1374 Idemque
1435 1322 1677 1374 intelligitur
1693 1334 1742 1361 ex
1758 1321 1966 1361 Athenaeo
1983 1322 2071 1361 XII.
2089 1335 2128 1374 p.
2140 1312 2220 1363 533
2233 1321 2278 1363 >a·
2329 1321 2392 1380 Δρ
2405 1322 2618 1364 Diodorus·

291 1381 472 1449 xvl,'*=1
499 1396 687 1448 tradidit,
725 1402 813 1437 tres
835 1396 966 1437 libros
993 1408 1020 1436 a
1042 1395 1351 1450 quadragesimo
1375 1400 1502 1449 primo
1527 1396 1578 1436 ad
1604 1395 1951 1450 quadragesimum
1975 1399 2138 1437 tertium
2164 1408 2293 1450 usque
2310 1396 2610 1451 Tbeopompmn'

292 1474 515 1511 intexuisse
533 1471 717 1509 historiis
735 1470 969 1522 Philippicis
991 1482 1060 1508 res
1082 1469 1241 1508 Siculas
1268 1455 1498 1521 complexos
1524 1483 1549 1509 a
1574 1473 1747 1509 senioris
1770 1469 1955 1522 Dionysii
1985 1469 2188 1510 dominatu
2209 1482 2339 1523 usque
2360 1471 2413 1511 ad
2426 1469 2611 1524 Dionysii

286 1543 462 1595 junioris
484 1544 647 1584 exilium
666 1544 772 1594 fxiii).
816 1543 934 1584 Quod
950 1543 1135 1594 Dionysii
1152 1542 1316 1581 exilium
1335 1555 1569 1595 quamquam
1593 1555 1670 1581 non
1688 1547 1894 1595 posterius
1918 1543 2018 1583 illud
2037 1533 2192 1594 dicitur,
2222 1556 2300 1596 quo
2317 1556 2344 1584 a
2359 1544 2610 1584 Timoleonte

292 1622 449 1659 eiectus
466 1623 532 1658 est
548 1623 761 1671 tyrannus,
792 1616 865 1656 sed
882 1619 1017 1668 prius,
1048 1628 1126 1667 quo
1146 1628 1172 1654 a
1185 1614 1316 1654 Dione
1334 1619 1462 1656 victus
1480 1619 1679 1666 excessit,
1712 1621 1847 1656 tamen
1865 1619 1905 1655 in
1924 1616 1996 1656 illa
2014 1621 2130 1669 parte
2149 1620 2285 1670 operis
2302 1617 2525 1672 verisimile,
2544 1621 2610 1658 est
2683 1633 2693 1637 ·

293 1692 551 1745 Theopompo
572 1691 749 1730 oblatam
765 1690 897 1729 fuisse
914 1689 965 1728 ad
975 1689 1266 1728 Timoleontem
1285 1688 1531 1742 digrediendi
1550 1692 1814 1729 occasionem.
1841 1708 1844 1710 v
1870 1689 2080 1730 Caeterum
2095 1705 2173 1733 non
2190 1695 2342 1731 temere
2351 1691 2607 1744 Theopompo

292 1750 513 1804 credidisse
532 1764 811 1814 Plutarchum,
841 1763 938 1814 sed,
968 1766 1027 1802 uti
1052 1763 1221 1802 aliorum
1247 1762 1334 1803 fere
1359 1766 1552 1813 omnium,
1581 1766 1639 1802 ita
1662 1761 1784 1813 hujus
1809 1775 1964 1815 quoque
1993 1767 2202 1818 scriptoris
2227 1768 2466 1805 auctoritate
2489 1769 2607 1805 caute

291 1842 332 1878 et
352 1836 569 1890 prudenter
587 1849 704 1878 usum
725 1848 841 1888 esse,
873 1836 1011 1878 multis
1032 1835 1273 1890 intelligitur
1292 1835 1416 1887 locis,
1446 1836 1589 1888 quibus
1617 1838 1768 1875 erroris
1792 1847 1884 1877 eum
1908 1839 2044 1891 arguit
2063 1842 2184 1890 atque
2205 1838 2374 1879 aliorum
2398 1841 2607 1880 auctorum

243 1959 252 1962 ‚
288 1911 383 1952 fidei
397 1898 718 1964 posthabendum
737 1912 908 1950 censuit.
963 1909 1028 1949 ef.
1046 1921 1150 1962 quae
1169 1909 1219 1949 de
1235 1910 1312 1948 hac
1326 1922 1370 1949 re
1388 1908 1606 1962 disputavit
1627 1908 1806 1948 Sintenis
1823 1908 1875 1948 ad
1882 1908 1994 1948 Plut.
2013 1909 2209 1949 Themist-
2234 1923 2323 1962 cap.
2334 1910 2402 1952 19.

392 1982 462 2038 Ep
472 1984 534 2025 ho
544 1995 630 2026 ros
640 1982 761 2034 ww)
779 1971 1018 2036 quamquam
1031 1985 1180 2037 etipse
1193 1995 1271 2024 uno
1288 1986 1442 2025 tantum
1459 1983 1549 2022 loco
1562 1981 1652 2033 illo,
1682 1984 1748 2033 qui
1762 1980 1811 2021 de
1820 1981 2080 2035 Timophanis
2096 1987 2161 2023 est
2169 1982 2307 2035 caede,
2335 1986 2566 2026 nominatin
2578 1996 2607 2026 a

286 2056 504 2098 Plutarcho
514 2046 600 2097 'fuit
615 2052 765 2099 citatus
777 2084 791 2108 ,
819 2060 954 2097 nmen
973 2053 1101 2098 multo
1120 2054 1241 2108 plura
1263 2054 1369 2095 haud
1386 2055 1504 2095 dubie
1519 2054 1813 2107 suppeditavit,
1853 2068 2020 2108 quorum
2034 2068 2134 2096 usus
2150 2061 2266 2096 esset
2279 2060 2320 2097 in
2338 2057 2606 2115 Timoleontis
2634 2059 2638 2061 ’

287 2133 372 2171 vita
387 2129 690 2186 conscribenda.
743 2128 1010 2186 Amplissimo
1025 2131 1130 2168 enim
1150 2130 1320 2183 triginta
1338 2127 1529 2168 lihtorum
1551 2139 1672 2181 opere
1689 2127 1932 2169 Graecorum
1950 2133 1994 2171 et
2011 2128 2271 2171 harbarorum
2285 2129 2496 2173 historiam
2509 2114 2604 2179 inde

286 2204 338 2245 ah
354 2202 661 2248 Heraclidam·
678 2203 813 2247 reditu
836 2206 1107 2258 prseqnutus
1128 2205 1195 2242 est
1212 2213 1342 2254 usque
1362 2201 1415 2241 ad
1430 2201 1494 2240 01.
1516 2201 1607 2253 CX,
1636 2203 1675 2241 1.
1704 2215 1740 2242 a.
1759 2202 1851 2242 Chr.
1872 2202 1976 2255 340,
2012 2216 2091 2256 quo
2109 2216 2212 2244 anno
2238 2205 2470 2246 Perinthum
2494 2203 2602 2256 ohd-
2640 2207 2656 2258 j.
2705 2225 2709 2233 ν

285 2276 382 2318 dere
410 2280 542 2328 mnepit
557 2277 785 2332 Phiiippus.
846 2275 936 2320 Hoc
957 2279 1083 2330 igitur
1096 2279 1234 2318 tantae
1250 2274 1524 2327 amplitudinis
1543 2279 1717 2329 spatium
1744 2289 1864 2328 quum
1886 2275 2197 2328 amplecteretur
2223 2291 2325 2332 opus
2350 2278 2600 2331 historicam,
2643 2258 2653 2285 ἵ

325 2435 357 2477 ·)
379 2433 527 2476 Koch,
547 2433 622 2477 Fr„
643 2433 897 2479 Prolegomeaa
916 2432 960 2468 ad
981 2430 1258 2478 Theopompum
1279 2430 1418 2466 Chium.
1461 2430 1581 2466 Sedini
1604 2435 1699 2466 1808.
1733 2434 1855 2476 (repet.
1882 2433 1920 2465 in
1943 2432 2154 2468 sechodii
2180 2433 2311 2469 Archiv
2334 2432 2394 2470 fur
2412 2433 2540 2471 rhuoi.
2561 2447 2600 2472 u·

364 2495 516 2541 Paedag.
541 2499 635 2529 1824.
656 2497 828 2531 Base-111.
870 2496 1055 2541 Pssugk,
1079 2497 1123 2530 de
1146 2496 1374 2541 Theopompi
1397 2494 1477 2529 Chii
1496 2496 1566 2528 vita
1587 2502 1621 2529 et
1642 2498 1790 2540 scriptis.
1832 2496 1949 2530 Berol.
1972 2499 2085 2539 182⁷.)

323 2562 379 2603 ”)
400 2558 586 2604 Pnugk,
609 2559 653 2592 dt
676 2559 816 2603 Theop.
836 2571 914 2604 pag.
936 2563 990 2594 88·

333 2626 421 2679 m)
447 2626 706 2680 Διῖλῧθκρῦυ
714 2630 797 2667 Ῐτῖν
805 2626 1011 2670 κυτῆιιοηιι
1031 2637 1078 2669 ait
1090 2635 1283 2670 Diodorus.
1307 2633 1423 2679 Quem
1443 2645 1616 2668 annorum
1637 2619 1825 2668 numerum
1845 2643 1903 2669 aut
1923 2646 1988 2677 per
2009 2636 2259 2679 negligentiam
2279 2643 2339 2669 aut
2358 2646 2425 2679 per
2444 2646 2605 2676 errorem!
2633 2671 2640 2676 ,

362 2698 541 2742 scriptoria
560 2699 687 2733 falsum
707 2711 782 2734 esse
803 2699 942 2733 illatum
960 2705 1128 2742 putarunt
1146 2697 1246 2731 Jona.
1269 2698 1313 2731 de
1334 2699 1452 2741 script.
1472 2697 1550 2731 hist.
1563 2697 1694 2731 Philos.
1710 2699 1738 2739 1,
1754 2701 1786 2739 9,
1802 2701 1834 2730 3.
1878 2699 2020 2732 Wessel
2042 2698 2083 2731 ad
2099 2699 2206 2732 Diod.
2226 2699 2288 2733 1.1.
2311 2706 2345 2732 et
2365 2709 2480 2744 nuper
2493 2701 2598 2734 etiam

361 2759 549 2804 Pflugkius
570 2763 615 2795 de
627 2762 769 2808 Theop.
782 2773 865 2807 pag.
881 2764 937 2796 89·
979 2764 1022 2794 At
1041 2771 1116 2793 non
1135 2761 1300 2793 viderunt
1318 2762 1386 2794 viri
1407 2761 1518 2802 docti,
1540 2772 1662 2794 verum
1684 2772 1759 2794 esse
1780 2771 1986 2802 numerum,
2009 2763 2039 2793 si
2061 2750 2081 2793 ἦ
2097 2755 2262 2789 fun—¹555
2271 2754 2433 2789 Awrwlw
2449 2754 2512 2790 9·οῧ
2526 2744 2596 2801 ἧς·

362 2821 460 2870 τίμα
479 2830 643 2857 statuatur
664 2838 684 2859 a
708 2826 870 2860 Diodoro
894 2825 967 2859 dici
985 2822 1070 2867 fuga
1090 2823 1257 2866 Dionysii
1278 2834 1298 2856 a
1318 2824 1436 2857 Dione
1459 2823 1635 2867 Syracusis
1659 2824 1812 2867 expulsi.
1855 2824 1908 2857 Ad
1926 2824 2020 2858 ,hanc
2043 2827 2139 2858 enim
2160 2825 2201 2858 ab
2225 2835 2400 2874 eoanno,
2423 2834 2496 2869 quo
2509 2823 2598 2866 Dio·-

361 2888 485 2931 nyaiua
505 2889 618 2921 maior
635 2890 819 2932 tyrannide
839 2890 973 2932 potitus
995 2894 1063 2929 eat,
1085 2893 1312 2920 numerantur
1333 2888 1416 2921 anni
1438 2888 1694 2931 quinquaginta
1717 2886 1773 2921 01.
1791 2886 1920 2930 XCIII,
1936 2891 1958 2921 3
1972 2906 2015 2913 -
2032 2888 2121 2931 CVI,
2135 2894 2167 2924 1.
2192 2896 2270 2922 ante
2284 2887 2571 2924 cham—860.

317 2948 417 2991 ‘'*Q
434 2950 573 2994 Ephori
593 2951 737 2986 Cumaei
757 2950 955 2996 fragmenta.
1000 2951 1150 2994 Collegit
1169 2957 1271 2993 atque
1292 2951 1475 2986 illustravit
1494 2951 1637 2985 Meier
1658 2951 1790 2985 Marx.
1812 2950 2035 2986 Caroliruhae
2060 2956 2156 2985 1815.
