2807 3289
1147 184 1152 186 .
1225 221 1278 236 -
1329 199 1385 245 1⁹
1436 223 1488 235 .-

214 332 468 403 Ἡρακλέα
489 336 581 384 τοῖς
605 331 693 394 μὲν
719 326 1045 394 Συρακουσίοις
1059 327 1286 386 βοηθεῖν,
1336 325 1416 379 dea*
1446 328 1532 390 τήν
1559 325 1732 391 Κόρην,
1774 327 1889 392 παρ’
1911 348 1963 389 ης
1994 328 2152 385 ἔλαβε
2182 327 2265 378 τὸν
2284 326 2532 392 Κέρβερον,

214 405 486 478 ὄργι’ζεσιθα]
508 402 557 458 δὲ
577 410 668 457 τοῖς
687 402 983 463 Ἀθηναίοις,
1017 398 1085 451 ὅτι
1109 419 1211 451 τους
1231 401 1513 462 Αἰγεστέας,
1547 399 1799 462 α’πογόνους
1808 400 1944 453 ὄντας
1961 400 2143 465 Τρωων,
2174 400 2358 464 ἔσωζον,
2391 400 2530 453 αυτδς
2584 412 2597 416 ’

212 481 255 537 δ’
276 481 367 534 υπο
385 476 701 543 Λαομέδοντος
726 475 971 537 damnes&
995 473 1261 525 α’νοίστατον
1288 476 1466 536 ἐποίησε
1491 476 1577 537 τῆν
1599 475 1754 527 πόλιν.
1824 474 1998 526 Ἀλλοί
2018 473 2165 540 τούτῳ
2190 477 2317 537 μὲν”
2296 492 2397 526 ισως
2423 472 2528 525 α’πδ

210 563 295 618 τῆς
316 554 458 616 ava-57⁴5
476 553 731 615 ἐμμελείας
753 549 912 600 ταῦτα’
937 571 993 600 τε
1017 538 1217 614 ιγροίφειν
1243 551 1399 612 ἐπῄει,
1430 550 1514 600 καὶ
1543 550 1629 610 την
1660 550 1878 600 Φιλίστου
1914 546 2168 600 διάλεκτον
2202 547 2416 599 εὐθύνειν
2440 547 2528 599 καὶ

208 632 306 682 τοῖς
323 646 427 694 περι
418 626 694 680 Πλάτωνα
717 624 800 676 καὶ
817 624 1121 689 Ἀριστοτέλη
1142 619 1458 688 λοιδορεῖσθαι.
1523 622 1657 684 Ἐμοὶ
1680 620 1718 674 δ’
1734 622 1854 675 ἄλως
1870 623 1957 686 μὲν
1981 623 2010 684 ἦ
2029 622 2139 687 περι
2168 621 2303 685 λέξιν
2325 619 2522 683 ἅμιλλα

210 723 290 755 και
280 700 577 765 ,ξηλοτυπια
602 699 717 763 πρὸς
740 699 919 762 ἑτέρους
937 699 1248 762 μικροπρεπὲς
1266 698 1481 763 φαίνεται
1508 718 1589 748 και
1618 697 1892 761 σοφιστικόν,
1924 695 1987 747 οἷν
2012 693 2060 747 δὲ
2079 697 2192 760 προς
2215 696 2282 746 τοὶ
2306 693 2522 756 α’μίμητα

209 776 445 840 γιγνητοιι,
478 792 558 823 και
550 771 758 823 τελέως
782 770 1087 832 α’ναισθητον
1149 775 1267 822 Alter
1283 780 1397 821 locus
1418 787 1480 822 est
1497 785 1536 822 in
1556 783 1639 821 vita
1647 779 1791 820 Dionis
1810 793 1894 833 cap.
1904 779 1969 821 36.
2023 769 2197 821 Ἀλλοι
2218 768 2420 832 Τίμαιος,
2438 788 2519 819 ουκ

208 846 366 904 ἄδικον
384 846 557 907 λαβων
578 845 811 912 πρόφασιν
839 845 924 906 τήν
953 845 1069 909 ὑπὲρ
1094 850 1172 905 τῆς
1200 842 1454 909 τυραννιδος
1480 852 1562 896 τοῦ
1590 845 1810 895 Φιλίστου
1832 841 2026 895 σπουὸην
2050 866 2129 895 και
2154 844 2333 903 πίστιν,
2378 842 2518 905 ἐμπί-

204 916 397 982 πλαται
417 926 512 972 τῶν
530 918 641 971 κατ’
660 919 801 970 αὐτοῦ
814 921 1152 985 βλασφημιῶν,
1185 913 1222 985 ᾧ
1241 920 1344 969 τούς
1359 921 1444 981 μὲν
1471 915 1792 978 α’ὃικηθέντας
1816 918 1926 969 τότε
1944 918 2239 980 συγγνωστόν
2262 923 2386 968 ἐστιν
2412 917 2515 968 ἴσως

207 997 424 1062 ἅχριτῆς
451 996 514 1045 εἰς
541 992 842 1054 α’ναίσθητον
859 992 992 1058 ὄργῆς
1014 993 1262 1053 χαλεπους
1286 994 1526 1053 γενέσθαι,
1558 993 1662 1042 τούς
1681 989 1719 1042 δ’
1738 991 1920 1057 ὕστερον
1942 991 2307 1057 συγγράφοντας
2331 990 2401 1040 τοὶ
2430 1006 2518 1040 πε-

206 1068 473 1134 πραγμένα,
494 1067 577 1117 καὶ
591 1072 661 1132 τῷ
678 1068 763 1126 μὲν
777 1067 869 1132 βίῳ
879 1067 943 1127 μοὶ
952 1066 1268 1126 λυπηθέντας
1286 1065 1437 1124 αὐτοῦ,
1457 1073 1525 1132 τῷ
1540 1062 1588 1117 δὲ
1606 1064 1737 1130 λόγῳ
1756 1067 2023 1129 χρωμένους,
2053 1062 2204 1127 ἡὸόξα
2216 1065 2518 1129 παραιτεῖται

203 1142 268 1204 μη
286 1139 406 1203 μεθ’
423 1139 596 1205 ὕβρεως
613 1136 725 1202 μηδὲ
745 1140 876 1201 μετοὶ
892 1139 1196 1201 βωμολοχίας
1217 1135 1439 1201 ὅνειὸίζειν
1467 1137 1561 1190 τοῖς
1587 1139 1845 1204 συμφοράς,
1884 1134 1947 1189 ὦν
1979 1135 2101 1188 οὐδὲν
2122 1137 2297 1199 α’πέχει
2325 1135 2410 1187 καὶ
2433 1135 2516 1187 τᾶν

204 1214 388 1279 ἄριστον
410 1210 584 1277 α’νὸρῶν
596 1218 654 1262 ἐκ
671 1213 817 1273 τύχης
833 1217 1100 1274 μετασχεῖν.
1162 1222 1224 1261 Ex
1252 1226 1418 1273 utroque
1438 1224 1527 1261 loco
1551 1227 1684 1274 patet,
1733 1235 1810 1260 non
1838 1225 2052 1274 ignorasse
2078 1221 2334 1260 Plutarchum
2358 1220 2515 1259 Timaei

202 1291 322 1340 vitia3
359 1286 614 1340 reprehendit
630 1290 733 1326 enim
749 1290 790 1326 in
814 1299 862 1326 eo
879 1285 1069 1326 tumidum
1094 1285 1193 1326 illud
1219 1298 1267 1325 ac
1285 1288 1432 1337 pingue
1450 1298 1577 1338 genus
1597 1283 1774 1335 dicendi,
1810 1298 1889 1336 quo
1908 1288 2030 1324 etiam
2051 1283 2325 1336 Thncydidem
2343 1286 2511 1322 conatus

205 1354 263 1392 sit
278 1361 498 1403 superare,
515 1349 771 1402 cupiditatem
783 1348 1031 1389 obtrectandi
1056 1348 1226 1388 aliorum
1248 1348 1446 1388 hominum
1465 1348 1650 1388 laudibus
1662 1376 1674 1397 ,
1703 1351 1822 1386 animi
1833 1347 2087 1387 insolentiam
2103 1350 2225 1387 etiam
2240 1345 2512 1386 calamitatem

204 1424 344 1455 eorum
354 1442 367 1465 ‚
396 1425 498 1466 quos
518 1411 688 1464 odisset,
717 1416 837 1465 atque
855 1415 1043 1452 interitus
1061 1411 1232 1452 ludibrio
1248 1410 1456 1452 habentem
1467 1441 1480 1463 ,
1517 1411 1686 1465 denique
1704 1410 1882 1463 pueriles
1897 1415 1938 1451 in
1955 1411 2075 1452 rebus
2089 1410 2393 1464 nominibusque
2406 1420 2510 1449 oom-

200 1476 391 1532 paraudis
419 1475 648 1529 fabulisque
677 1476 941 1529 congerendis
961 1476 1089 1517 lusus.

311 1550 388 1590 His
413 1551 595 1590 omnibus
617 1563 854 1602 quamquam
872 1551 989 1590 nobis
1016 1550 1175 1590 videtur
1197 1551 1328 1603 effici,
1364 1556 1430 1601 ut,
1464 1562 1531 1591 res
1547 1554 1756 1604 graviores
1781 1554 1818 1591 si
1847 1555 2075 1605 spectemus
2091 1552 2291 1604 ’ipsosque
2313 1549 2511 1589 factorum

201 1619 393 1664 eventus,
428 1613 637 1655 Plutarchi
662 1614 756 1654 fidei
778 1628 855 1654 non
882 1614 1071 1654 offecisse
1096 1614 1250 1655 Timaei
1275 1619 1552 1655 auctoritatem
1575 1615 1739 1654 credere
1757 1615 1900 1666 liceat,
1939 1621 2072 1654 tamen
2103 1605 2179 1653 nos
2204 1628 2281 1652 non
2300 1615 2329 1652 ii
2355 1623 2508 1661 sumus,

201 1681 270 1732 qui
286 1681 442 1718 omnino
459 1677 557 1717 nihil
574 1690 597 1717 e
609 1677 762 1718 Timaei
777 1681 952 1731 ingenio,
981 1678 1229 1719 aPlutarcho
1247 1680 1500 1731 reprehenso,
1529 1682 1569 1718 in
1590 1678 1772 1730 ejusdem
1789 1678 1837 1718 de
1846 1678 2098 1718 Timoleonte
2111 1677 2255 1717 librum
2271 1674 2507 1715 translatum

200 1752 297 1781 esse
315 1741 573 1781 affirmemus.
627 1740 836 1793 Leguntur
853 1744 957 1779 enim
973 1743 1013 1779 in
1037 1753 1086 1779 eo
1101 1741 1206 1779 haud
1219 1755 1348 1792 pauca
1362 1741 1578 1791 mirabilia,
1608 1755 1711 1793 quae
1730 1741 1913 1794 profecta
1930 1754 2024 1779 esse
2043 1740 2249 1779 videantur
2263 1739 2313 1777 ab
2325 1742 2503 1787 auctore,

201 1802 367 1842 ornandi
381 1802 670 1842 Timoleontem
688 1803 864 1841 insolitis
882 1802 1117 1854 quibusdam
1131 1803 1314 1842 laudibus
1329 1808 1371 1842 et
1382 1815 1505 1854 supra
1514 1803 1710 1843 humanae
1728 1807 1853 1843 sortis
1864 1803 2021 1841 modum
2032 1801 2223 1840 evellendi
2235 1799 2507 1853 cupidissimo.

199 1863 319 1919 Talia
335 1864 453 1917 sunt,
489 1878 590 1918 quae
609 1869 818 1905 narrantur
834 1863 882 1904 de
900 1864 1149 1906 sacerdotum
1176 1865 1441 1919 Proserpinae
1459 1870 1613 1906 somnio
1632 1895 1644 1917 ,
1679 1866 1728 1906 de
1745 1871 1845 1906 vitta
1864 1870 1904 1905 in
1927 1865 2076 1918 templo
2095 1865 2311 1917 Delphico,
2347 1865 2508 1905 coronis

207 1933 250 1970 et
264 1932 445 1970 victoriis
456 1928 658 1979 distincta,
687 1940 808 1980 super
817 1928 1079 1967 Timoleontis
1088 1933 1207 1981 caput
1216 1929 1394 1982 delapsa,
1423 1929 1472 1969 de
1480 1929 1569 1970 face
1580 1929 1754 1969 classem
1766 1932 1805 1968 in
1815 1928 1972 1969 ltaliam
1981 1940 2226 1982 praegressa
2239 1926 2311 1975 (cf.
2321 1925 2505 1967 Wessez.

200 1991 252 2032 ad
269 1991 387 2033 Diod.
401 1988 487 2031 Sic.
505 1990 613 2031 XVI.
630 2004 726 2044 pag.
736 1989 827 2045 161.
845 1990 998 2040 lindi)
1010 2019 1022 2041 ,
1052 1990 1101 2030 dc
1121 1992 1260 2043 templi
1277 1992 1508 2032 Adranitani
1521 1993 1677 2032 foribus
1694 1998 1835 2044 sponte
1847 1992 2076 2045 patefactis,
2102 1992 2257 2044 Deique
2275 1991 2394 2030 hasta
2412 2003 2505 2031 con·

201 2067 325 2097 cussa
343 2069 391 2095 ac
410 2054 557 2095 sudore
573 2067 631 2097 ex»
652 2057 741 2094 eius
760 2066 830 2093 ore
856 2053 1069 2095 defluente.
1132 2054 1251 2095 Talia
1276 2054 1465 2095 Timaeus
1488 2056 1597 2109 haud
1623 2055 1763 2105 dubie,
1800 2060 1836 2095 si
1853 2071 1931 2095 non
1945 2056 2081 2105 finxit,
2117 2059 2227 2094 certe
2245 2054 2506 2105 cupidissime

199 2130 251 2160 ex
269 2118 382 2173 vulgi
406 2117 516 2159 fama
549 2122 591 2158 et
617 2116 843 2158 rumoribus
873 2120 1055 2170 arripuit.
1117 2117 1347 2172 Eademque
1371 2117 1609 2159 Plutarchus
1633 2122 1756 2159 nimia
1778 2119 1954 2160 fortasse
1969 2118 2206 2160 credulitate
2226 2123 2268 2159 et
2295 2121 2449 2171 accepit
2464 2123 2507 2159 et

197 2186 428 2234 posteritati
443 2181 664 2221 mandanda
683 2192 778 2220 esse
794 2184 947 2219 statuit.
1000 2180 1150 2232 Neque,
1159 2187 1292 2221 tamen
1316 2185 1352 2220 si
1380 2185 1476 2233 quis'
1495 2193 1623 2233 aeque
1637 2182 1736 2221 velit
1750 2181 1954 2232 judicare,
1990 2182 2133 2221 acerbe
2151 2181 2252 2219 hanc
2269 2181 2320 2220 ob
2343 2186 2517 2222 causam'
2589 2185 2595 2189 '

199 2244 442 2297 vituperabit
457 2244 603 2284 bonum
629 2247 865 2295 scriptorem
881 2272 893 2293 ,
922 2240 1037 2293 cujus
1064 2254 1114 2280 ea
1125 2242 1215 2282 *fuit
1227 2247 1383 2294 pietas,
1411 2249 1456 2282 ut
1475 2244 1658 2285 homines
1675 2250 1824 2285 virtute
1839 2250 2020 2297 insignes
2043 2256 2258 2295 eorumque
2273 2244 2447 2285 consilia
2461 2251 2519 2285 et-

197 2305 307 2348 facta
321 2307 541 2349 laudabilia
578 2306 774 2361 singulari
787 2305 956 2359 quodam
976 2304 1157 2346 crederet
1184 2305 1364 2358 adjuvari
1386 2306 1563 2348 Deorum
1588 2308 1748 2358 favore,
1785 2312 1824 2347 in
1846 2308 2039 2361 prodigiis
2067 2311 2189 2348 etiam
2211 2321 2503 2361 saepenumero

200 2375 455 2421 comparente
470 2383 714 2422 casumque
731 2369 955 2409 admirabili
975 2382 1191 2420 concursu,
1230 2372 1375 2421 quique
1393 2373 1577 2421 antiquas
1596 2375 1698 2410 istas
1720 2371 1768 2410 de
1788 2371 1909 2410 rebus
1927 2371 2110 2410 humanis
2128 2377 2293 2424 praeter
2310 2385 2425 2425 spem
2444 2378 2502 2414 at·

199 2444 276 2485 que
293 2435 515 2485 opinionem
530 2446 604 2486 per
626 2437 786 2474 ostenta
803 2433 934 2473 divina
956 2436 1000 2472 et
1020 2432 1169 2473 auxilia
1183 2432 1416 2485 gubernatis
1435 2431 1593 2473 fabulas
1609 2434 1914 2486 haudquaquam
1941 2435 2189 2487 spernendas
2213 2447 2309 2475 esse
2329 2442 2499 2489 putaret.
2516 2451 2518 2453 ·

197 2493 275 2535 mc
290 2497 415 2549 igitur
442 2500 616 2553 scriptor
638 2510 757 2550 quum
773 2495 1064 2536 Timoleontem
1081 2491 1236 2536 videret
1251 2499 1375 2535 tantis
1392 2497 1602 2537 virtutibus
1632 2497 1760 2537 fuisse
1779 2498 2067 2550 excellentem,
2096 2503 2309 2552 tantasque
2332 2512 2399 2540 res
2416 2505 2500 2542 tam

196 2561 338 2609 parvis
352 2563 479 2610 copiis
497 2560 721 2599 incredIbili
735 2572 933 2598 successu
944 2559 1191 2608 confecisse,
1220 2563 1257 2597 si
1272 2559 1390 2598 fidem
1406 2572 1479 2596 non
1497 2558 1711 2612 denegavit
1728 2564 1883 2599 auctori
1894 2565 2130 2614 antiquiori,
2161 2567 2226 2615 qui
2243 2567 2393 2614 apertis
2415 2568 2501 2618 qui-

196 2618 366 2662 busdam
390 2625 523 2677 signis
542 2622 655 2664 Deos
679 2622 915 2664 tradidisset
939 2621 1185 2675 singularem
1215 2636 1331 2664 suum
1353 2636 1450 2676 erga
1476 2622 1590 2663 illum
1618 2623 1798 2664 favorem
1820 2630 1995 2666 testatos
2016 2639 2131 2674 esse,
2167 2638 2243 2663 non
2269 2631 2356 2677 est,
2395 2629 2501 2680 quod

199 2695 444 2738 magnopere
462 2685 529 2725 vel
546 2689 736 2725 ruiremur
751 2686 819 2726 vel
837 2683 1185 2739 reprehendamus.

302 2777 386 2818 lam
402 2779 610 2830 praefandi
622 2792 785 2821 munere
815 2786 1029 2835 postquam
1056 2780 1181 2820 functi
1205 2779 1367 2830 sumus,
1404 2777 1453 2818 ad
1470 2776 1555 2817 Vos
1579 2785 1784 2834 conversi,
1813 2770 1929 2822 huius
1954 2781 2065 2821 urbis
2083 2781 2304 2836 Proceres,
2346 2784 2496 2826 adoles·

197 2845 369 2882 centium
388 2846 552 2882 nostrae
578 2838 818 2901 disciplinae
840 2845 1081 2885 traditorum
1095 2847 1281 2896 patentes
1299 2856 1348 2883 ac
1365 2845 1589 2895 propinqui,
1621 2850 1664 2884 et
1691 2850 1909 2897 quicunque
1937 2846 2060 2885 rebus
2092 2850 2245 2886 nostris
2275 2860 2322 2887 ae
2352 2846 2497 2888 studiis

195 2903 368 2957 favetis,
395 2908 440 2945 ut
457 2904 690 2947 solennibus
714 2906 790 2946 sub
815 2906 936 2948 finem
952 2911 1047 2949 anni
1074 2904 1304 2948 scholastici
1329 2910 1405 2947 rite
1422 2908 1676 2949 instituendis
1698 2915 1740 2950 et
1759 2909 2007 2952 celebrandis
2026 2910 2259 2965 frequentes
2278 2912 2422 2953 adesse
2446 2924 2497 2953 ne

195 2972 436 3022 gravemini,
464 2983 535 3022 ea,
564 2982 642 3024 qua
660 2971 795 3023 decet,
822 2971 1070 3014 humanitate
1086 2975 1127 3011 et
1142 2970 1341 3011 modestia
1359 2966 1546 3023 rogamus
1561 2976 1682 3025 atque
1702 2986 1873 3015 oramus.

1171 3047 1524 3079 ——omoe—
