2807 3289
1193 190 1458 231 4154.

163 321 255 368 fin
267 321 430 375 &eatis
449 312 542 367 ejus
561 317 684 359 rebus
701 319 833 372 gestis
853 314 985 356 fuisse
1007 318 1167 371 gratiae
1183 328 1230 357 ac
1248 317 1473 358 venustatis
1485 345 1498 369 ‚
1533 318 1580 356 ut
1597 314 1741 369 Cypria
1758 327 1848 356 cum
1862 314 1928 356 vel
1952 313 2143 356 Himeras
2160 315 2341 358 videatur
2359 319 2470 373 adju-

162 384 641 449 vfi'ocpenmilleusnm
666 393 796 432 fuisse
826 390 1001 429 affirmat
1025 378 1219 444 singulari
1237 391 1411 431 Deorum
1429 389 1673 445 quorundam
1690 390 1829 429 favore
1850 394 1892 429 et
1905 389 2204 443 benevolentia,
2242 395 2385 433 virium
2400 393 2469 436 hn-

160 467 367 516 fluffnn
383 468 541 509 modum
562 479 775 521 egressum
790 478 887 504 esse
908 470 1029 518 atque
1047 465 1147 505 adeo
1170 465 1261 505 Diis
1279 470 1458 506 maximis
1477 470 1669 505 maiorem
1693 465 1860 504 eundem
1878 465 2008 504 fuisse
2023 478 2100 503 non
2116 466 2335 506 contendit.

163 548 194 575 ‘2'
215 550 219 554 '
240 550 244 553 '
264 535 422 585 Deinde
447 540 571 596 paulo
588 542 815 581 accuratius
835 538 1101 580 consideratis
1118 538 1276 593 Polybii
1298 541 1448 593 verbis,
1484 552 1563 579 non
1591 552 1640 579 eo
1667 543 1824 579 nomine
1849 538 2123 592 intelligemus
2143 552 2233 579 eum
2255 541 2468 592 repreben-

161 616 510 666 fls'seTimaeum,
540 612 647 667 quod
665 623 798 652 rerum
815 616 1023 665 gestarum
1032 616 1241 653 veritatem
1259 614 1438 654 inanibus
1455 615 1689 654 commentis
1699 616 1971 666 corrupisset,
2000 617 2043 652 et
2058 612 2167 652 facta
2181 612 2467 655 a'l'imoleonte

157 683 364 744 finxisset,
379 697 498 743 'quae
512 687 624 727 facta
641 699 718 725 non
738 691 899 739 essent,
941 687 1015 727 sed
1029 686 1070 727 id
1089 690 1243 727 tantum
1259 691 1409 729 crimini
1424 692 1463 729 ei
1483 690 1680 739 vertisse,
1711 686 1815 741 quod
1830 686 1951 727 rebus
1973 698 1998 726 a
2019 685 2267 727 Timoleonte
2284 690 2464 741 peractis

157 769 318 806 nimiam
336 762 559 804 addidisset
583 760 820 813 dignitatem
838 765 880 800 et
900 761 1098 801 laudando
1125 769 1417 817 exaggerasset
1434 762 1525 812 ejus
1547 765 1703 800 merita.
1758 761 1802 800 ln
1824 774 1951 812 eoque
1967 765 2168 800 consentit
2186 774 2274 800 cum
2289 761 2459 813 Polybio

155 836 420 881 Marcellinus
430 863 442 886 ,
471 832 588 887 cujus
603 838 736 874 tamen
754 838 955 876 sententia
970 848 1020 876 nc
1031 834 1146 888 justo
1154 834 1248 889 plus
1264 837 1573 877 noccatTimaeo
1584 865 1595 887 ,
1623 848 1703 875 non
1719 839 1786 875 est
1804 834 1963 875 silentio
1979 834 2325 887 praetereundum,
2355 834 2461 887 quod

153 903 292 954 inhoc-
305 909 376 950 ille
392 911 595 961 vituperet
611 910 777 960 vitium,
818 908 1001 961 ejusdem
1017 908 1130 952 illum
1148 912 1237 949 vitii
1256 923 1348 950 reos
1373 910 1506 952 facere
1531 913 1653 950 etiam
1671 908 1919 949 Herodotum
1946 914 1988 949 et
2013 906 2327 961 Xenophontem.
2381 907 2459 950 His

153 989 278 1041 igitur
291 985 526 1036 perpensis,
555 982 848 1023 concedendum
870 986 949 1023 erit
962 1012 975 1034 ,
1014 986 1051 1022 si
1072 985 1162 1036 quis
1181 982 1229 1023 de
1247 984 1506 1025 Timoleontis
1520 983 1642 1024 rebus
1661 995 1859 1036 exponere
1881 982 2027 1033 vellet,
2065 994 2156 1022 eum
2184 985 2242 1022 ita
2257 985 2371 1035 sequi
2388 994 2458 1035 po·

153 1061 284 1108 tuisse
300 1056 462 1096 'I'Imaei
481 1059 784 1107 auctorItatem,
821 1061 884 1107 ut,
919 1060 1115 1109 praecisis
1138 1060 1271 1097 nimiis
1302 1057 1508 1110 laudibus,
1554 1056 1637 1097 alia
1652 1060 1783 1096 omnia
1799 1070 1850 1096 ex
1872 1056 2014 1096 codem
2037 1056 2218 1096 hauriret
2230 1058 2457 1096 verissima.

152 1132 352 1185 Quocirca
366 1133 527 1171 etiamsi
546 1133 817 1188 certissimum
835 1135 970 1182 esset,
998 1130 1253 1171 Plutarchum
1272 1136 1312 1172 in
1327 1131 1597 1186 componenda.
1611 1131 1874 1171 Timoleontis
1890 1135 1974 1170 vita
1991 1136 2116 1170 totum
2135 1129 2379 1183 pependisse
2403 1141 2456 1168 ex

149 1203 401 1246 nno'l'imaeo
411 1233 424 1255 ‚
452 1216 581 1257 neque
597 1209 760 1257 praeter
775 1204 888 1245 illum
903 1204 1024 1246 alium
1044 1217 1279 1259 quemquam
1296 1208 1549 1249 consuluisse
1567 1210 1771 1246 auctorem
1781 1235 1794 1257 ,
1824 1209 1957 1245 tamen
1977 1207 2043 1258 qui
2057 1208 2271 1258 propterea
2283 1208 2455 1257 negaret

148 1278 269 1319 fldem
282 1278 500 1318 Plutarcho
530 1278 749 1318 habendam
777 1291 897 1329 esse,
941 1283 1093 1319 temere
1105 1279 1326 1331 judiearet,
1364 1284 1441 1320 nisi
1465 1279 1586 1320 simul
1604 1264 1860 1318 Plutarchum
1892 1289 2053 1331 quoque
2073 1277 2314 1317 Timoleonti
2331 1278 2454 1316 maio&

147 1364 237 1403 res,
263 1364 381 1405 quam
402 1363 505 1404 quae
523 1352 739 1392 virtutibus
754 1352 844 1403 ejus
871 1352 1133 1404 deberentur,
1170 1356 1438 1405 impertivisse
1467 1353 1631 1402 laudes,
1669 1365 1720 1392 cx
1746 1356 1874 1404 ipsius
1892 1352 1995 1392 libro
2020 1352 2186 1391 doceret
2200 1364 2249 1390 ac
2271 1349 2455 1389 firmini-¹

147 1425 225 1466 mis
253 1423 533 1478 comprobaret
558 1429 819 1478 argumentis.
873 1425 930 1466 At
956 1429 1127 1479 primum
1153 1426 1392 1476 Plutarchus
1419 1442 1498 1470 non
1522 1430 1642 1468 unius
1658 1427 1814 1467 Timaei
1842 1430 1993 1479 pressit
2018 1429 2210 1480 vestigia,
2247 1424 2322 1465 sed
2346 1422 2453 1465 alios

146 1503 359 1552 praetcrea
375 1498 555 1538 adhibuit
582 1498 927 1552 locupletissimos
946 1504 1100 1552 testes,
1136 1500 1457 1555 Theopompum,
1483 1501 1710 1554 Ephorum,
1739 1499 1936 1552 Athenin,
1965 1503 2032 1553 qui
2049 1500 2177 1540 sicubi
2192 1499 2355 1540 diversa
2369 1503 2450 1538 tra·

147 1572 350 1623 diderant,
368 1569 420 1610 'id
447 1571 580 1610 celare
604 1570 732 1611 noluit
744 1572 932 1614 lectores.
986 1574 1077 1615 Quo
1100 1575 1167 1625 fit,
1195 1580 1262 1626 ut,
1292 1587 1393 1628 quae
1409 1574 1535 1614 refert
1546 1574 1789 1613 Plutarchus
1806 1574 1917 1613 nulla
1934 1576 2124 1612 annotata
2142 1577 2346 1612 auctorum
2368 1570 2451 1611 dlsss·

145 1646 373 1699 crepantia,
401 1657 451 1685 ea
467 1645 518 1685 ab
537 1640 720 1687 omnibus
746 1647 1011 1700 scriptoribus
1036 1652 1190 1701 pariter
1205 1653 1419 1690 memoriae
1433 1649 1594 1702 prodita
1606 1648 1736 1689 fuisse
1754 1648 1918 1689 credere
1936 1648 2069 1688 liceat.
2124 1645 2280 1686 Deinde
2294 1637 2452 1685 Plutarss

145 1716 244 1760 chus
264 1721 417 1759 tantum
438 1718 566 1759 abfuit
585 1724 631 1759 ut
647 1732 767 1760 caeco
787 1720 956 1774 quodam
974 1724 1163 1762 incitatus
1187 1723 1320 1764 studio
1345 1725 1553 1764 immeritis
1578 1722 1774 1763 extollere
1800 1723 1925 1763 vellet
1937 1722 2228 1763 Timoleontem
2247 1718 2445 1769 laudibus,

144 1797 216 1844 nt,
253 1795 296 1832 si
315 1791 414 1845 quid
426 1795 534 1832 in-eo
554 1794 950 1847 minus,probandum
969 1807 1067 1836 csse
1086 1796 1310 1848 judicaret,
1354 1797 1394 1838 id
1411 1797 1716 1850 haudquaquam
1738 1793 2021 1838 dissimularet.
2075 1795 2216 1846 ltaque
2234 1798 2374 1845 aperte
2390 1795 2452 1831 vi-

144 1867 345 1920 tuperavit
370 1864 681 1918 Timoleontcm‚
723 1866 827 1919 quod
850 1871 984 1908 occiso
1013 1868 1162 1921 fratre,
1193 1884 1314 1923 quum
1340 1877 1382 1912 et
1410 1872 1460 1912 ab
1484 1872 1576 1913 aliis
1599 1872 1737 1912 multis
1755 1871 1979 1911 hominibus
2002 1873 2048 1909 et
2063 1881 2089 1909 a
2105 1873 2234 1909 matre
2262 1866 2449 1908 acerbius

143 1939 446 1996 objurgaretur,
479 1952 620 1993 pamm
640 1945 870 1981 constanter
887 1941 930 1982 id
947 1941 1132 1994 tulissetg
1162 1958 1292 1998 neque
1311 1951 1474 2000 negavit
1493 1946 1661 1987 eundem
1682 1949 1832 1997 virum,
1871 1957 1991 1999 quum
2011 1943 2182 1983 Electae
2210 1953 2376 1982 uxorem
2405 1943 2451 1980 ct

140 2013 253 2056 mas
276 2011 312 2054 αἶ
325 2007 593 2067 Syracusanis
614 2007 811 2067 supplicio
831 2013 939 2054 affici
958 2015 1108 2067 passus
1139 2023 1272 2069 esset,
1301 2032 1415 2061 suam
1438 2024 1574 2074 ipsum
1595 2019 1835 2060 crudelitate
1867 2012 2163 2058 contaminasse
2186 2015 2450 2056 humanitatis

140 2081 336 2142 gloriatin·
377 2086 440 2127 Eo
460 2092 593 2126 autem
612 2086 724 2136 loco,
768 2099 846 2139 quo
869 2086 1114 2128 Plutarchus
1128 2088 1170 2129 id
1184 2090 1372 2131 ‘consulto
1394 2097 1501 2147 agit,
1536 2095 1584 2131 ut
1601 2097 1716 2132 ornet
1735 2091 2024 2131 Timoleontem
2042 2095 2094 2131 iis
2106 2121 2118 2142 ,
2154 2102 2256 2145 quas
2274 2088 2448 2130 merit&

138 2161 269 2202 fuisse
285 2159 488 2210 videatur,
519 2159 704 2199 laudibus
725 2161 832 2211 (cap.
851 2159 948 2210 36),
976 2174 1054 2200 non
1073 2176 1218 2204 vanum
1245 2177 1294 2204 sc
1312 2165 1442 2216 jactat
1457 2176 1611 2216 rerum,
1641 2178 1763 2218 quae,
1792 2179 1912 2218 quum
1934 2170 2049 2219 ipsae
2073 2169 2155 2205 sint
2183 2160 2331 2213 exiles,
2360 2161 2445 2202 hu·

139 2233 281 2274 datore
295 2236 464 2287 egeant,
483 2235 752 2285 praeconem,
780 2232 853 2272 sed
869 2223 960 2284 ipsa
980 2244 1114 2290 rerum
1132 2239 1305 2277 veritate
1319 2240 1475 2278 innixus
1491 2243 1536 2278 et
1549 2238 1843 2280 Timoleontem
1856 2253 1945 2281 cum
1963 2238 2054 2279 aliis
2072 2247 2312 2288 componens
2332 2233 2441 2287 ejus-

138 2297 229 2348 dcm
246 2309 395 2348 aetatis
414 2307 513 2347 viris
534 2305 828 2347 excellentibus
852 2306 1130 2360 complectitur
1156 2321 1206 2349 ac
1230 2313 1481 2364 pronuntiat,
1521 2326 1624 2367 quae
1651 2314 1717 2355 vel
1733 2317 1875 2368 sponte
1900 2315 2133 2353 succurrant
2156 2313 2282 2350 culvis
2307 2319 2447 2351 rerum

137 2379 300 2422 illarum
312 2380 471 2421 lectori*⁶

172 2472 178 2476 ·
243 2451 480 2509 Necunws
498 2454 549 2495 ab
565 2454 645 2495 ano
662 2453 746 2496 ullo
771 2458 969 2509 scriptore
985 2454 1175 2497 traditum
1194 2456 1403 2511 quidquam
1420 2461 1619 2512 invenias,
1648 2459 1755 2513 quod
1767 2460 2032 2501 Ttmoleontis
2051 2450 2208 2515 gloriae
2232 2450 2371 2514 possit
2381 2458 2446 2499 oss

136 2528 281 2580 ficere,
315 2522 426 2582 quod
439 2528 511 2569 -vel
529 2532 713 2590 omiserit
725 2529 989 2583 Plutarchus,
1016 2531 1084 2572 vel
1101 2534 1159 2573 ita
1177 2536 1425 2586 exposuerit,
1464 2538 1530 2586 ut,
1560 2539 1596 2575 si
1619 2533 1779 2576 laudari
1792 2538 1874 2576 non
1886 2539 2042 2589 possit,
2069 2538 2287 2590 vituperari
2307 2539 2447 2573 umen:

135 2604 215 2643 nou
232 2606 380 2654 queat,
404 2612 580 2656 praeter
601 2598 866 2655 unum‘mud,
901 2604 1010 2658 quod
1033 2605 1083 2646 de
1106 2606 1323 2661 Mamerci,
1370 2611 1524 2662 tyranni
1551 2608 1808 2662 Catinensis,
1839 2616 1974 2651 morte
2000 2610 2183 2664 perhibet
2207 2607 2442 2662 Polyaenus

136 2675 314 2728 Striteg.
327 2674 378 2716 Ὺ.
400 2689 435 2715 e.
463 2677 531 2718 12.
584 2676 626 2717 ls
644 2682 750 2719 enim
768 2683 925 2730 narrat,
943 2679 1219 2740 „Mamercum,
1249 2687 1316 2736 qui
1331 2684 1475 2723 multos
1495 2683 1685 2724 homines
1707 2685 1812 2725 dolis
1837 2687 2161 2725 circumvenisset
2185 2687 2231 2722 et
2251 2682 2447 2737 neglect&

135 2746 406 2804 jurisjurandi·
418 2749 624 2804 religione
642 2753 910 2805 trucidasset,
938 2766 964 2794 a
981 2753 1232 2797 Timoleonte
1262 2760 1526 2810 oppugnatum
1544 2758 1708 2799 tandem
1723 2773 1776 2800 ea
1791 2759 2014 2799 conditione
2031 2761 2129 2796 ses‘e
2144 2756 2374 2808 dedidisse,
2394 2760 2447 2796 nt·

135 2823 384 2889 Syracusani·
395 2820 447 2862 de
464 2825 557 2875 ipso
569 2824 957 2879 facerent-judicium
971 2841 1049 2869 non
1066 2835 1281 2872 accusante
1298 2830 1564 2884 Timoleontc3
1593 2833 1882 2875 Timoleontem
1904 2836 2066 2884 autem,
2090 2844 2140 2873 se
2159 2836 2446 2893 acmantum'

54 2913 59 2916 ·
136 2892 350 2949 nonense,
372 2894 654 2949 jusjurandum
680 2896 871 2955 ‹lechssc3⁴
894 2902 1058 2957 deinde,
1095 2916 1216 2957 quum
1230 2905 1456 2948 Mammas
1472 2905 1700 2961 Syracusas
1718 2911 1894 2950 venisset
1919 2912 1966 2948 et
1985 2907 2332 2950 aTimoleonteiu·
2346 2910 2442 2945 σοι·

140 2970 658 3026 emmerammus,
685 2972 790 3017 huuc
812 2977 876 3017 ita
887 2981 1099 3031 promissis
1123 2982 1215 3021 suis
1239 2985 1405 3024 stetisse
1412 3009 1426 3033 ,
1452 2985 1498 3023 ut
1516 2987 1796 3025 accusaturum
1811 2995 1857 3024 se
1874 2995 1970 3024 esse
1987 2988 2178 3038 negaret,
2214 2979 2292 3021 se&
2318 2971 2446 3034 quit*
