2807 3289
1349 94 1683 172 -16--'

319 263 518 302 citissime
529 259 771 300 Mamercum
791 255 986 307 supplicio
1004 255 1110 295 affici
1125 254 1309 307 juberet3
1335 267 1506 309 aequum
1525 260 1631 297 euim
1649 269 1764 309 esse,
1792 260 1856 308 ut,
1884 260 1952 311 qui
1970 259 2094 297 toties
2107 259 2213 300 alios
2225 258 2367 302 fraude
2383 258 2625 316 decepisse&

318 338 412 390 ipse
434 334 562 376 semel
574 335 659 386 pari
678 333 765 370 arte
787 327 1050 383 deciperetur.
1104 328 1282 370 Eandem
1303 342 1388 371 rem
1405 331 1647 373 Plutarchus
1673 337 1757 385 cap.
1778 332 1831 373 34
1849 335 1906 372 ita
1921 335 2127 384 exposuit,
2162 339 2227 386 ut,
2263 348 2314 375 ne
2328 335 2451 376 verbo
2470 334 2629 387 quiden

323 410 374 450 de
392 410 542 463 perfida
556 409 638 444 ista
645 403 913 443 Timoleontis
932 403 1095 443 fallacia
1106 403 1211 442 dicto
1224 431 1236 453 ,
1265 401 1515 445 Mamercum
1531 406 1684 447 reserat
1696 400 1910 460 Syracusis
1922 408 1963 446 in
1980 408 2170 446 concione
2187 412 2407 450 orationem
2415 401 2628 459 reclusae,

321 495 437 534 quam
456 484 545 532 ipse
563 477 690 519 multo
709 482 803 517 ante
834 480 1148 528 composuisset,
1189 476 1330 516 deinde
1356 490 1477 529 quum
1503 480 1660 519 videret
1677 480 1952 533 Syracusanos
1977 479 2328 521 vehementissime
2349 483 2427 523 sibi
2447 480 2629 522 infensos

318 553 507 608 precibus
531 555 691 593 exorari
708 564 786 591 uon
800 561 922 603 posse
932 578 943 599 ,
972 548 1131 601 abjecta
1148 554 1284 601 veste,
1313 562 1385 603 per
1395 551 1567 592 medium
1582 553 1782 594 theatrum
1798 548 1919 594 cursu
1929 553 2102 594 delatum
2110 553 2246 593 scalae
2256 557 2376 605 caput
2392 557 2627 608 impegisse,

320 632 381 667 ita
398 640 445 667 se
464 630 634 666 mortem
654 626 876 664 subiturum
897 635 992 660 esse
1014 628 1264 675 sperantem3
1300 635 1428 675 neque
1446 638 1542 664 vero
1559 626 1636 673 hoc
1658 630 1696 664 ei
1711 627 1931 679 obtigisse,
1961 626 2034 666 sed
2052 630 2180 666 vivum
2199 625 2411 665 abductum
2425 626 2629 682 *supplicio

320 702 510 742 affectum
534 711 650 749 esse,
686 711 763 750 quo
791 696 970 735 latrones
994 696 1175 736 solerent
1206 696 1403 737 mulctari.
1440 718 1489 725 —
1536 696 1731 750 Polyaeni
1763 702 1940 739 narratio
1973 703 2153 753 quamvis
2175 697 2536 740 verisimilitudinis
2560 697 2632 739 ali·

321 774 417 828 quid
432 776 608 814 nancisci
625 771 806 811 videatur
826 782 877 809 ex
892 782 962 821 eo,
993 770 1098 822 quod
1116 770 1355 809 Plutarchus
1373 783 1457 823 cap.
1475 770 1801 811 3Timoleontem
1820 771 1950 812 fuisse
1973 774 2069 813 dicit
2089 763 2284 814 ἄπιστον
2309 761 2391 813 καὶ
2407 756 2643 821 ἄσπονδον

319 839 436 904 bryo}
452 838 555 887 τούς
574 833 820 899 τυράννους
832 874 844 893 ,
870 848 1004 883 tamen
1024 847 1117 897 quia
1132 847 1348 896 nescimuS‚
1375 857 1495 897 quem
1514 846 1660 886 habeat
1679 851 1895 897 auctorem,
1925 859 2065 899 pamm
2082 852 2199 888 caute
2218 858 2451 902 ageremus,
2481 847 2518 884 si
2537 842 2631 898 plus

322 926 362 965 ei
375 922 554 962 tribuere
572 919 795 970 vellemus,
825 932 942 971 quam
956 918 1194 970 Plutarcho,
1224 932 1340 972 quem
1360 920 1547 961 credibile
1568 925 1655 972 est,
1685 924 1722 960 si
1746 934 1850 971 rem,
1880 920 2039 973 qualem
2053 921 2281 974 Polyaenus
2294 918 2467 974 prodidit
2484 911 2633 962 memo·

320 1000 432 1046 riae‚
471 999 691 1035 aveterum
710 993 845 1045 aliquo
864 997 1103 1046 scriptorum
1129 996 1349 1032 invenisset
1368 994 1561 1046 relatam,
1604 995 1681 1034 hoc
1702 1007 1779 1034 non
1796 997 1924 1033 minus
1950 994 2080 1033 fuisse
2109 998 2407 1044 annotaturum,
2437 1004 2553 1045 quam
2577 992 2633 1030 si-

320 1071 448 1121 lentio
467 1069 691 1120 praeterire
711 1065 840 1107 noluit
868 1056 1241 1121 οἷχαριστᾶτοιτον
1259 1066 1521 1107 Timoleontis
1542 1068 1698 1107 facinus
1710 1097 1722 1119 ,
1751 1067 1917 1107 Hicetae
1935 1071 2071 1108 uxoris
2091 1071 2133 1107 et
2150 1067 2323 1106 filiarum
2339 1078 2489 1106 necem.

429 1141 513 1182 Sed
534 1143 765 1183 consentire
782 1153 870 1182 cum
884 1140 1039 1193 Polybii
1047 1140 1198 1192 judicio
1215 1140 1337 1180 videri
1352 1144 1523 1192 possint,
1541 1154 1642 1193 quae
1658 1141 1799 1181 Cicero
1814 1145 1978 1194 scripsit
1994 1145 2041 1181 in
2055 1141 2230 1194 epistola
2245 1141 2295 1181 ad
2308 1140 2523 1180 Lucceium
2541 1137 2636 1178 data

321 1217 398 1267 (ad
413 1218 506 1256 Div,
526 1214 602 1265 V0,
630 1214 719 1263 12.)
776 1213 865 1253 Quo
882 1213 970 1254 loco
994 1216 1052 1251 ita
1067 1217 1197 1263 possit
1214 1214 1359 1264 aliquis
1377 1215 1511 1264 abuti,
1540 1219 1585 1254 ut
1601 1219 1642 1253 et
1664 1214 1819 1253 Timaei
1836 1215 2017 1254 elevetur
2035 1218 2276 1264 auctoritas,
2305 1217 2369 1263 et,
2397 1214 2475 1252 hoc
2492 1215 2529 1252 si
2545 1223 2635 1264 pro-

322 1302 444 1343 spere
462 1289 646 1336 cesserit,
674 1286 853 1325 fortasse
863 1288 983 1324 etiam
998 1289 1126 1340 ipsius
1148 1286 1363 1327 Plutarchi.
1419 1287 1576 1328 Etenim
1591 1291 1631 1327 in
1652 1288 1827 1340 epistola
1844 1288 1928 1340 illa,
1959 1301 2036 1342 qua
2051 1292 2237 1341 precatur
2249 1286 2389 1327 Cicero
2405 1285 2634 1344 Lucceium,

321 1368 368 1405 ut
385 1363 435 1403 de
456 1361 578 1403 rebus
595 1362 684 1401 suis
702 1373 727 1400 a
743 1362 939 1412 principio
961 1359 1247 1411 conjurationis
1263 1361 1522 1402 Catilinariae
1539 1375 1667 1415 usque
1678 1362 1728 1402 ad
1747 1362 1918 1401 reditum
1938 1376 2054 1401 suum
2069 1363 2261 1414 peculiari
2281 1363 2499 1412 exponeret
2514 1358 2635 1407 libro,

321 1440 425 1479 haec
435 1436 624 1489 leguntur
641 1437 679 1483 §.
697 1432 785 1474 16.:
813 1433 939 1483 Atque
955 1436 1023 1471 hoe
1035 1436 1299 1481 praestantius
1316 1440 1407 1474 mihi
1435 1437 1559 1484 fuerit
1579 1442 1617 1476 et
1634 1441 1684 1475 ad
1700 1439 1882 1475 laeticiam
1907 1439 2028 1475 animi
2049 1442 2086 1475 et
2108 1440 2159 1474 ad
2182 1437 2385 1474 memoriae
2402 1417 2635 1484 dignitatern,

324 1516 361 1553 ei
375 1517 421 1551 in
438 1518 508 1550 tua
522 1510 670 1555 scripta
684 1519 912 1554 pervenero,
952 1518 1068 1555 quam
1090 1510 1126 1544 εἰ
1152 1511 1195 1545 in
1219 1514 1450 1558 ceterorum,
1489 1514 1590 1559 quod
1621 1522 1701 1549 non
1724 1512 1922 1562 inqenium
1944 1512 2038 1548 milii
2063 1512 2185 1548 mlum
2210 1511 2491 1557 suppeditatum
2513 1505 2637 1553 fuerit

325 1593 439 1628 tuum
449 1615 460 1632 ‚
488 1586 590 1621 sicut
606 1580 830 1619 Timoleonti
847 1594 873 1619 a
893 1582 1047 1619 Timaeo
1064 1588 1133 1620 aul
1156 1587 1204 1621 ab
1222 1584 1411 1621 Herodoto
1435 1585 1695 1632 Themistocli,
1722 1589 1790 1622 sed
1805 1588 1920 1623 etiam
1942 1587 2152 1622 auctoritas
2168 1584 2372 1621 clarissimi
2382 1586 2427 1630 ,et
2442 1580 2636 1629 spectatis-

325 1662 417 1701 simi
434 1660 512 1698 viri
528 1660 565 1694 et
581 1656 624 1692 in
643 1656 847 1703 republica
863 1659 1047 1694 maximia
1065 1660 1381 1707 qravissimisque
1399 1662 1530 1696 causis
1544 1662 1685 1710 coquiti
1701 1666 1818 1707 atque
1840 1662 1884 1696 in
1898 1661 2038 1706 primis
2054 1654 2204 1705 probati
2212 1673 2227 1702 ‚-
2255 1662 2299 1693 ut
2314 1658 2408 1692 mihi
2423 1666 2502 1691 non
2515 1655 2638 1690 solum

326 1733 596 1783 praeconium,
625 1731 741 1775 quod,
779 1738 899 1775 quum
916 1732 960 1766 in
979 1729 1138 1780 Siqeum
1151 1733 1385 1778 pervenisset
1408 1731 1653 1779 Alexander,
1688 1735 1736 1770 ab
1752 1732 1920 1770 Homero
1943 1731 2083 1769 Achilli
2109 1732 2293 1768 tributum
2309 1739 2391 1766 esse
2417 1728 2536 1772 dixit,
2569 1727 2638 1762 sed

326 1810 442 1847 eciam
456 1814 576 1856 qrave
583 1803 839 1839 testimonium
851 1804 1085 1849 impertitum
1103 1806 1201 1842 clari
1214 1807 1376 1842 hominis
1398 1807 1603 1857 maqnique
1622 1807 1800 1844 videatur
1810 1821 1823 1843 .·
1855 1809 1983 1854 placet
2001 1807 2103 1842 enim
2126 1803 2270 1841 Hector.
2284 1804 2348 1840 ille
2363 1803 2457 1839 mihi
2471 1798 2639 1838 Naevia-

326 1894 425 1929 m,
455 1880 523 1928 qui
538 1889 616 1915 non
631 1881 780 1915 tantum
795 1879 951 1915 laudari
965 1890 1006 1916 ee
1021 1881 1207 1926 laetatur,
1234 1883 1304 1917 ced
1310 1883 1413 1919 addit
1427 1883 1552 1927 etiam,
1580 1893 1607 1919 a
1624 1882 1778 1918 laudato
1792 1882 1887 1919 uiro.
1940 1877 2053 1917 Haec
2063 1876 2186 1916 verba
2203 1878 2240 1915 si
2258 1878 2349 1926 quis
2367 1874 2457 1913 sola
2467 1875 2638 1925 spectet,

325 1957 510 1997 seiuncta
521 1964 546 1990 a
564 1949 747 2002 reliquis,
775 1963 852 1990 non
863 1950 1101 1991 videbuntur
1116 1951 1216 1991 talia
1228 1964 1336 2003 esse,
1367 1966 1468 2006 quae
1484 1950 1696 2004 Polybium
1716 1951 1902 2001 adjuvent
1918 1953 2057 1988 contra
2074 1949 2294 1989 Timaeum.
2348 1946 2490 1986 Totius
2506 1932 2646 1998 autem,

327 2026 527 2082 epistolae
545 2023 759 2064 consilium
767 2036 815 2063 ac
833 2028 1053 2063 sententias
1081 2030 1148 2076 qui
1173 2030 1413 2066 coniunctim
1439 2036 1576 2063 secum
1599 2026 1815 2075 reputarit,
1852 2025 1889 2062 is
1911 2021 2032 2062 facile
2056 2025 2095 2061 in
2114 2033 2203 2061 eam
2222 2020 2353 2068 induci
2376 2004 2526 2072 poterit
2556 2020 2639 2072 opi-

330 2105 514 2148 nionem,
543 2100 589 2136 ut
604 2095 813 2137 Timaeum
835 2099 949 2149 putet
970 2100 1184 2147 propterea
1210 2110 1236 2136 a
1260 2098 1449 2136 Cicerone
1474 2097 1697 2146 laudatum,
1740 2095 1843 2147 quod
1862 2099 2020 2148 ingenio
2040 2107 2114 2134 suo
2145 2107 2245 2134 usus
2268 2099 2382 2133 esset
2403 2097 2444 2133 in
2473 2093 2596 2132 rebus
2613 2103 2641 2130 a

328 2171 582 2216 Timoleonte
604 2172 738 2221 gestis
761 2180 835 2220 per
857 2167 1062 2210 mendacia
1088 2169 1282 2222 augendis
1311 2174 1430 2223 atque
1450 2173 1489 2209 in
1517 2169 1648 2222 majus
1670 2168 1921 2209 extollendis.
1992 2168 2132 2209 Cicero
2150 2172 2254 2209 enim
2271 2180 2390 2220 quum
2416 2163 2640 2206 incredibili
2693 2197 2702 2201 ,

329 2247 473 2290 ardere
484 2256 531 2286 se
557 2242 711 2281 fatetur
733 2242 974 2294 cupiditate,
1015 2255 1157 2283 nomen
1175 2248 1220 2282 ut
1245 2255 1360 2283 suum
1389 2247 1550 2298 scriptis
1574 2243 1799 2283 illustretur
1824 2247 1866 2283 et
1888 2242 2115 2283 celebretur
2131 2241 2315 2293 Lumen,
2352 2244 2436 2279 tum
2455 2241 2577 2279 etiam
2597 2240 2640 2278 in

328 2334 379 2363 se
401 2315 601 2360 laudando
617 2320 663 2354 ut
677 2315 815 2368 legum
841 2316 1036 2356 historiae
1058 2321 1113 2356 sit
1130 2318 1401 2371 negligentior
1416 2318 1647 2358 exhortatur
1669 2318 1896 2359 Lucceium.
1956 2316 2027 2357 Ait
2044 2320 2149 2356 enim
2167 2320 2203 2366 ς.
2224 2314 2264 2355 7.
2318 2314 2455 2363 Itaque
2470 2318 2507 2352 te
2521 2315 2640 2363 plane

328 2397 446 2452 etiarn
465 2398 580 2443 atque
595 2392 710 2429 eciam
727 2402 836 2442 roqo,
865 2396 909 2429 ut
924 2403 1037 2429 ornes
1060 2404 1107 2430 ea
1127 2396 1384 2432 vehementius
1400 2396 1533 2440 etiam,
1562 2377 1677 2442 quain
1690 2394 1856 2441 fortasse
1874 2394 2013 2440 sentis,
2040 2395 2136 2430 etin
2149 2402 2194 2428 eo
2208 2393 2310 2440 leqes
2324 2390 2505 2427 historiae
2519 2387 2639 2438 περῆν
2658 2438 2661 2440 -

328 2480 421 2522 9⁶¹·
446 2466 689 2517 gratiamque
704 2466 829 2511 illam,
857 2466 904 2502 de
918 2476 996 2513 qua
1012 2469 1238 2505 suavissime
1255 2472 1417 2516 quodam
1432 2469 1475 2505 in
1489 2470 1678 2515 prooemio
1692 2469 1899 2515 scripsisti,
1927 2479 1954 2504 a
1971 2478 2048 2514 qua
2063 2470 2099 2503 te
2114 2464 2225 2512 affici
2243 2475 2322 2501 non
2345 2462 2648 2512 maqispotuisoe

327 2543 587 2583 decimatrus,
616 2546 732 2583 quam
751 2535 957 2577 Herculem
971 2539 1282 2588 Xenophontium
1299 2545 1407 2581 illum
1429 2553 1455 2579 a
1472 2543 1679 2590 voluptate,
1708 2554 1755 2580 ea
1777 2543 1813 2579 ei
1828 2552 1887 2579 me
1902 2541 1970 2577 tibi
1997 2532 2255 2577 vehementius
2272 2536 2560 2581 commendabit,
2587 2544 2640 2573 no

328 2623 558 2664 mernere,
596 2611 798 2656 “mom
827 2616 954 2648 ”miro
978 2616 1194 2659 plusculum
1213 2619 1347 2663 etiam,
1384 2626 1500 2664 quam
1528 2620 1705 2654 concedat
1731 2618 1893 2660 veritae,
1932 2615 2115 2660 laryiare.
2170 2608 2313 2647 Nonne
2337 2606 2437 2646 haec
2460 2610 2518 2647 ita
2544 2610 2652 2655 sunt¹

331 2691 504 2738 scripta,
532 2687 578 2723 ut
596 2682 739 2721 Cicero
757 2685 927 2733 egregie
936 2682 1174 2725 observasse
1191 2687 1391 2739 putandus
1407 2690 1462 2727 sit
1476 2699 1563 2727 eam
1581 2688 1729 2741 legem,
1759 2698 1878 2738 quam
1895 2687 1984 2735 ipse
2001 2684 2040 2721 in
2059 2681 2135 2720 hac
2157 2679 2331 2733 epistola
2345 2682 2490 2731 sanxit,
2519 2688 2639 2732 quum

331 2759 508 2806 diceret,
536 2759 604 2810 qui
625 2754 754 2796 semel
768 2754 1034 2797 verecundiae
1054 2757 1153 2799 fines
1169 2765 1420 2812 transiisset,
1450 2774 1538 2801 eum
1561 2762 1662 2802 bene
1679 2765 1723 2801 et
1740 2762 1895 2798 naviter
1912 2760 2097 2810 oportere
2117 2767 2212 2795 esse
2217 2752 2529 2807 impudentem?
2555 2749 2671 2805 Sed„

331 2837 471 2877 tmen
482 2858 497 2882 ,
523 2832 569 2868 ut
582 2828 803 2881 fateamur,
834 2828 930 2883 quid
948 2842 1023 2869 nos
1042 2829 1116 2870 hac
1133 2831 1180 2872 de
1199 2847 1242 2875 re
1259 2848 1508 2896 censegmuS,
1536 2848 1664 2888 neque
1686 2835 1817 2887 ipsius
1839 2831 2045 2872 Ciceronis
2063 2829 2220 2871 videtur
2236 2828 2352 2886 nobis
2367 2831 2480 2867 tauta
2492 2836 2544 2864 ex
2561 2822 2638 2865 hac

328 2903 511 2961 0P¹⁵t⁰¹⁸
524 2901 685 2947 01¹¹oeoe
699 2902 897 2954 iaetantia
916 2907 960 2946 et
977 2907 1160 2950 veritatis
1179 2924 1275 2964 prae
1290 2912 1447 2966 gloriae
1462 2910 1678 2964 cupiditate
1696 2910 1923 2972 contemtio,
1953 2909 2102 2961 quanta
2113 2917 2139 2946 a
2149 2901 2287 2946 multis
2295 2905 2335 2944 ei
2351 2908 2636 2952 saepenumero
