2807 3289
1358 179 1628 221 ...18-

330 308 426 365 ejus
448 284 633 351 auxisset
650 308 691 348 et
707 314 831 358 supra
851 304 1066 345 veritatem
1095 304 1312 346 extulisset
1328 303 1532 345 Timaeus.
1588 304 1727 360 Magis
1753 308 1874 346 etiam
1892 303 1968 346 hoc
1987 301 2177 358 liquebit,
2207 308 2245 348 si
2270 305 2391 360 paulo
2420 311 2643 360 accuratis·

333 387 644 430 sententiarum,
675 379 821 431 quibus
853 378 926 418 illa
942 378 1097 420 Timaei
1117 383 1264 419 mentio
1283 383 1347 418 est
1373 381 1547 428 inserta,
1586 379 1971 421 consideraverimus
1990 378 2166 419 ordinem
2187 383 2229 417 et
2244 385 2504 434 contextum
2535 380 2645 424 ssua-

332 472 423 500 rum
440 457 728 497 sententiarum
754 466 913 492 summa
929 453 1136 493 Naeviano
1163 455 1233 492 illo
1252 454 1354 492 dicto
1369 457 1617 502 continetur3
1654 454 1741 491 vult
1759 446 1863 493 enim
1883 455 2022 494 Cicero
2049 453 2204 493 laudari
2230 465 2256 491 a
2279 453 2442 495 laudato
2467 442 2572 508 viro3
2600 460 2646 497 et

284 516 287 517 ⁷
334 527 665 588 quemadmodum
683 526 914 588 Alexander
932 527 1116 567 noluerat
1134 531 1313 581 corporis
1332 530 1395 566 sui
1420 530 1634 580 imaginem
1653 531 1821 579 exprimi
1838 533 1917 569 nisi
1935 530 1985 570 ab
2008 532 2060 569 iis
2083 528 2326 578 artificibus,
2356 533 2423 579 qui
2440 534 2520 582 ipsi
2537 534 2648 584 inge-

331 608 399 648 nio
418 608 539 658 atque
557 606 647 644 arte
660 601 927 653 excellerent,
957 605 1015 642 ita
1033 614 1105 642 eos
1121 605 1231 642 viros
1250 601 1389 642 felices
1409 605 1555 642 statuit
1564 600 1703 642 Cicero
1720 613 1816 641 esse
1823 601 2113 655 praedicandos
2126 633 2138 654 ,
2168 615 2332 656 quorum
2348 613 2417 641 res
2437 604 2647 654 praeclue

331 682 475 733 gestae
485 689 635 730 magna
650 681 791 716 nactae
809 680 948 714 essent
972 679 1213 727 scriptorum
1232 679 1410 728 ingenia3
1439 675 1623 714 narrandi
1639 678 1744 713 enim
1762 675 1978 715 virtutibus
1998 681 2112 729 ipsas
2120 690 2195 717 res
2211 680 2325 729 quasi
2346 674 2648 730 quaedangra..

330 754 474 793 vitatis
496 755 540 791 et
558 750 768 804 dignitatis
790 761 935 801 capere
951 752 1218 801 incrementa3
1248 750 1444 802 obtigisse
1463 753 1595 789 autem
1611 748 1712 788 illud
1722 747 1964 790 Timoleonti
1982 755 2025 789 et
2042 751 2328 801 Themistocli,
2357 761 2522 803 quorum
2539 761 2646 791 unu·

332 826 568 876 Timaeum,
598 824 702 864 alter
721 823 970 863 Herodotum
994 824 1205 863 habuisset
1226 836 1357 863 rerum
1377 836 1539 863 suarum
1564 824 1833 877 laudatorem3
1863 836 1965 877 quae
1986 825 2170 876 exempla
2200 830 2245 865 ut
2268 823 2471 864 fatendum
2495 827 2560 864 est
2579 822 2646 864 Ci-

334 912 520 941 ceronem
537 903 757 951 propterea
776 910 827 937 ex
846 911 993 951 magna
1011 898 1190 952 elegisse
1208 898 1477 950 exemplorum
1497 902 1633 951 copia,
1663 902 1756 951 quia
1774 911 1889 938 suum
1907 902 2075 950 uterque
2099 901 2272 949 scriptor
2290 902 2569 951 imperatorem
2587 899 2645 937 in·

334 977 444 1028 sigui
462 972 635 1026 quadam
656 976 928 1024 prosequutus
948 976 1014 1011 est
1034 972 1313 1012 benevolentia
1331 985 1377 1011 ac
1394 972 1553 1022 favore,
1582 976 1660 1022 ita,
1690 986 1768 1025 qua
1785 977 1916 1012 mente
1935 972 2142 1011 Timaeum
2159 976 2502 1022 commemorarit,
2529 969 2645 1011 intel-

332 1047 477 1102 ligitur
495 1059 546 1086 ex
563 1046 701 1085 addita
718 1048 918 1084 mentione
935 1044 1154 1096 Herodoti,
1191 1058 1306 1097 quem
1323 1048 1441 1085 nimio
1461 1046 1745 1085 Themistoclis
1764 1046 1896 1086 studio
1919 1058 2052 1085 rerum
2076 1048 2287 1084 veritatem
2316 1055 2651 1096 egressumvesse‘

332 1134 382 1162 ac
397 1118 617 1160 mendaciis
635 1121 869 1169 corrupisse
886 1130 1001 1157 nemo
1021 1131 1205 1171 umquam
1225 1131 1347 1158 ausus
1365 1118 1487 1158 fuerit
1504 1118 1756 1158 contendere.
1810 1118 2040 1171 Eodemque
2059 1121 2255 1170 pertinet,
2285 1117 2389 1169 quod
2409 1121 2573 1170 scripsit
2583 1117 2646 1157 Ci-

332 1197 426 1234 cer‘o
443 1196 481 1242 §.
497 1192 566 1232 15.
622 1191 705 1230 Nec
731 1194 861 1228 minas
879 1197 935 1246 esc
953 1191 1169 1238 Spartiates
1181 1193 1385 1242 Aqeailaus
1407 1197 1471 1230 ille
1496 1197 1772 1240 perhibemus,
1807 1197 1875 1241 qai
1898 1205 2021 1241 neque
2042 1196 2184 1240 pictam
2205 1203 2329 1239 neque
2358 1193 2486 1237 fictam
2508 1192 2642 1241 §mayl-

332 1277 546 1306 nemeuam
560 1277 704 1313 passus
726 1269 783 1302 esc
801 1275 905 1310 esse,
942 1274 1058 1311 quam
1071 1267 1139 1312 qui
1155 1267 1199 1302 in
1214 1277 1257 1303 eo
1269 1277 1411 1316 qenere
1427 1268 1672 1305 laborarunt.-
1701 1278 1806 1306 unus
1829 1249 2214 1314 enim'Xenophmntis
2238 1265 2387 1304 libellus
2411 1267 2456 1303 ih
2478 1276 2522 1303 eo
2552 1274 2646 1315 τερα,

330 1342 524 1380 laudando
540 1337 659 1384 facile
673 1348 804 1375 omnes
821 1340 992 1374 omnium
1010 1339 1200 1387 imqines
1212 1344 1432 1387 statuasque
1450 1340 1659 1387 superavit.

437 1410 578 1464 Itaque
598 1422 649 1450 ne
670 1409 879 1450 Ciceronis
898 1408 1058 1461 quidem
1076 1413 1306 1449 testimonio
1329 1411 1435 1451 aliud
1450 1412 1662 1464 quidquam
1678 1410 1835 1453 videtur
1850 1416 1998 1464 evinci,
2026 1416 2105 1454 nisi
2122 1411 2226 1465 quod
2248 1424 2370 1464 supra
2387 1414 2508 1452 etiam
2526 1410 2645 1465 Poly-

329 1489 396 1530 bio
418 1486 626 1535 dedimus,
664 1483 836 1524 multum
852 1482 983 1524 fuisse
1007 1484 1212 1524 Timaeum
1230 1487 1270 1523 in
1289 1483 1539 1528 Timoleonte
1560 1486 1779 1539 laudando,
1807 1500 1884 1527 non
1901 1490 1979 1539 ita,
2007 1491 2053 1527 ut
2073 1486 2302 1528 mendacem
2319 1498 2413 1526 sese
2433 1485 2646 1538 praeberet

331 1574 468 1602 rerum
480 1560 549 1598 vel
573 1571 652 1597 non
669 1561 879 1610 gestarum
898 1557 964 1596 vel
983 1558 1101 1597 aliter
1118 1563 1325 1612 gestarum
1340 1564 1542 1601 auctorem
1554 1590 1565 1612 ,
1604 1560 1678 1600 sed
1707 1559 1895 1614 quidquid
1922 1563 2071 1614 ingenii
2098 1561 2282 1601 ubertate
2302 1563 2422 1611 atque
2442 1558 2650 1611 elegantia.

334 1635 387 1676 ad
402 1647 538 1675 rerum
553 1635 762 1671 veritatem
786 1630 978 1670 accedere
997 1637 1140 1684 posset
1158 1632 1363 1684 dignitatis
1379 1646 1428 1674 ac
1446 1634 1624 1708 decoris,
1653 1635 1693 1676 id
1708 1635 1906 1687 singulari
1924 1634 2093 1688 quodam
2110 1647 2211 1687 erga
2228 1638 2357 1675 virum
2374 1633 2488 1673 illum
2505 1632 2644 1672 favore

332 1707 481 1749 addere
500 1718 696 1759 nusquam
719 1704 959 1758 negligeret.

436 1779 606 1828 Restat,
633 1781 679 1816 ut
697 1777 919 1828 videamus,
948 1778 1040 1829 quid
1058 1778 1108 1818 de
1124 1780 1288 1821 Timaeo
1293 1780 1510 1833 judicarit
1498 1795 1586 1835 ipse
1595 1783 1848 1825 Plutarchus.
1903 1772 2034 1823 Quem
2053 1787 2090 1823 si
2109 1784 2375 1822 invenerimus
2387 1792 2464 1819 non
2480 1789 2651 1818 coecum>

329 1853 443 1895 illius
462 1851 593 1893 fuisse
614 1841 920 1903 admiratorem,
946 1851 1047 1903 sed,
1084 1866 1187 1905 quae
1205 1857 1353 1896 vitiosa
1367 1859 1404 1897 in
1426 1869 1476 1896 eo
1495 1861 1635 1897 essent
1656 1862 1697 1897 et
1716 1856 1967 1898 intellexisse
1996 1861 2038 1897 et
2064 1855 2192 1896 libere
2214 1856 2516 1908 pronuntiasse,
2552 1864 2643 1892 cou-

331 1927 458 1970 fidere
469 1925 611 1967 licebit
631 1924 681 1964 de
701 1924 966 1965 Timoleontis
986 1938 1144 1979 quoque
1160 1929 1281 1969 rebus
1305 1930 1472 1970 eundem
1493 1935 1610 1970 caute
1628 1934 1841 1981 sequutum
1860 1941 1955 1968 esse
1971 1929 2111 1968 ducem
2130 1940 2208 1966 non
2226 1927 2276 1966 ab
2298 1929 2402 1965 omni
2420 1929 2534 1977 parte
2551 1920 2651 1976 pro-r

327 2001 478 2042 batum.
529 1999 622 2039 Duo
645 2002 781 2038 autem
805 2001 1139 2038 commemorandi
1156 2002 1223 2040 hic
1247 2008 1340 2044 sunt
1357 2005 1458 2054 loci,
1488 2014 1655 2053 quorum
1679 2001 1784 2040 alter
1797 2005 1862 2040 est
1880 2004 1921 2040 in
1943 2004 2025 2041 vita
2041 2000 2183 2041 Niciae
2200 2012 2286 2053 cap.
2304 2000 2342 2039 1.
2404 1987 2545 2042 ‘Em-:2
2573 1983 2644 2038 δο-

330 2070 496 2124 κοῦμεν
518 2063 597 2111 οὐκ
618 2061 810 2110 αἶτᾶπως
831 2067 900 2125 τῷ
917 2061 1060 2125 Νικίᾳ
1082 2063 1164 2112 τόν
1183 2064 1393 2127 Κράσσον
1415 2063 1763 2128 παραβάλλειν
1798 2063 1882 2114 κο.)
1896 2064 1964 2114 τοὶ
1990 2064 2228 2130 Παρθικοί
2251 2061 2533 2124 παθήματα
2550 2063 2642 2117 τοῖς
2702 2076 2710 2081 “

328 2139 595 2191 Σικελικοῖς
608 2174 621 2193 ,
651 2131 748 2198 ὥρα
764 2135 1103 2197 παραιτεῖσθαι
1114 2136 1198 2186 καὶ
1204 2141 1506 2201 παρακαλεῖν
1524 2137 1637 2202 ύπὲρ
1657 2143 1763 2199 ἐμοῦ
1781 2138 1881 2188 τούς
1898 2137 2279 2199 ἐντυγχάνοντας
2297 2140 2387 2186 τοῖς
2402 2135 2656 2198 συγγροιίιι·μ

327 2229 439 2271 μασι
467 2207 636 2260 τούτοις
651 2247 663 2267 ,
698 2204 825 2257 ὅπως
841 2206 927 2258 ἐπὶ
953 2205 1353 2271 ταῗςδιηγῆσεσιν,
1398 2206 1473 2261 αἷς
1493 2207 1785 2271 Θουκυδίδης,
1823 2208 1963 2275 αὐτοῖς
1985 2210 2123 2261 αὑτοῦ
2151 2209 2258 2275 περὶ
2282 2215 2440 2260 ταῦτα
2468 2208 2657 2269 παθη..

328 2283 608 2342 τικῶτατος,
659 2281 1017 2346 ἐναργέστατος,
1064 2283 1408 2336 ποικιλώτατος
1451 2285 1708 2346 γενόμενος,
1763 2282 2003 2346 α’μιμήτως
2030 2282 2298 2347 ἐξενήνοχε,
2343 2278 2483 2344 μηδὲν
2517 2281 2640 2344 ἡμᾶς

325 2355 608 2414 ὖπολοίβωσι
625 2353 920 2412 πεπονθέναι
930 2355 1108 2421 Τιμαίῳ
1126 2357 1294 2409 ποίθος
1309 2356 1462 2420 ὅμοιον,
1482 2355 1748 2408 ἃςὴἕλπίσας
1769 2358 1848 2407 τάν
1860 2359 1946 2420 μὲν
1968 2353 2235 2419 Θουκυδίδην
2253 2355 2640 2421 ὑπερβαλεῖσθαι]

325 2429 576 2488 δεινότητι,
604 2428 683 2476 τᾶν
705 2423 752 2477 δὲ
773 2427 993 2478 Φίλιστον
1017 2426 1279 2493 α’ποὸείξειν
1297 2429 1582 2482 παντάπασι
1607 2431 1822 2497 φορτικον
1847 2452 1925 2481 και
1916 2428 2151 2492 ι’ὃιωτην,
2181 2427 2258 2482 δια
2266 2431 2415 2492 μέσων
2434 2427 2638 2487 «iz->erras

325 2510 387 2569 τῇ
414 2502 589 2567 ιστορίᾳ
623 2505 717 2551 τῶν
744 2498 959 2561 μάλιστα
989 2505 1378 2569 κατωρθωμένων
1404 2504 1588 2556 ἐκείνοις
1617 2503 1814 2566 α’γωνων
1842 2504 1924 2555 καὶ
1948 2525 2218 2567 ναυμαχιων
2244 2504 2327 2555 και
2351 2500 2638 2567 ὃημηγοριων,

327 2576 375 2629 οὐ
393 2577 464 2637 μοὶ
482 2575 613 2633 Δία,
616 2573 774 2639 ,Παροί
792 2568 1009 2623 Λύδιον”
974 2594 1102 2640 αρμα
1120 2578 1259 2640 πεζός
1278 2578 1518 2641 οιόςνεύων“
1541 2597 1600 2630 ως
1614 2584 1718 2646 φησι
1733 2574 1982 2644 Πίνδαρος·
2004 2577 2126 2629 α’λ.λ.’
2146 2575 2266 2629 ὅλως
2292 2592 2363 2628 τις
2381 2573 2658 2639 ὀψιμαθοῐςι

328 2671 411 2701 και
438 2644 730 2712 μειρακιωὸης
759 2646 1032 2711 φαινόμενος
1066 2656 1116 2699 ἑν
1146 2651 1330 2709 τούτοις,
1385 2672 1465 2702 και
1502 2671 1632 2701 κατα
1667 2673 1746 2702 τον
1774 2653 1980 2715 Δίφιλον
2019 2651 2235 2711 κΠαχύς,
2282 2649 2635 2712 ωνθυλευμένος

326 2720 492 2785 στέατι
517 2725 799 2788 Σικελικῷξ*
832 2724 1093 2783 πολλαχοῦ
1124 2720 1163 2774 d’
1184 2724 1414 2791 υπορρέων
1432 2727 1499 2777 εἰς
1523 2746 1602 2777 τον
1622 2728 1880 2790 Ξέναρχον,
1918 2741 2070 2789 ωςπερ
2089 2743 2202 2775 οταν
2226 2723 2348 2787 λέγῃ
2370 2744 2461 2775 τοις
2479 2724 2634 2780 Ἀθη-

325 2794 461 2849 ναίοις
484 2814 628 2844 οιωνον
647 2796 917 2862 ἡγήσασθαι
934 2798 1176 2859 γεγονέναι
1196 2817 1274 2850 τον
1295 2798 1395 2851 α’πὸ
1415 2806 1498 2860 τῆς
1516 2800 1638 2861 νίκης
1652 2802 1828 2862 ἔχοντα
1850 2795 2042 2860 τοῦνομα
2069 2799 2325 2864 στρατηγόν
2350 2796 2640 2848 α’ντειπόντα

325 2869 440 2935 πρδς
463 2884 551 2928 την
570 2875 878 2935 στρατηγίαν,
920 2895 1001 2926 και
1032 2879 1092 2937 τῇ
1122 2881 1348 2938 περικοπῇ
1371 2892 1466 2925 των
1490 2872 1667 2939 Ἐρμων
1689 2873 2009 2965 προσημαίνειν
2029 2873 2179 2925 αὖτοῖς
2206 2890 2259 2922 το
2288 2867 2531 2934 δαιμόνιον,
2570 2888 2631 2926 ως

327 2941 417 2993 υπδ
432 2941 769 3009 Ἑρμοκράτους
792 2957 866 2998 τοῦ
874 2948 1109 3014 “Ερμωνος
1132 2950 1337 2998 πλεῖστα
1358 2949 1593 3009 πείσονται
1612 2950 1749 3013 παρα
1763 2947 1846 2998 τᾶν
1865 2948 2103 3009 πόλεμον·
2123 2949 2194 2997 ἔτι
2217 2942 2257 2998 δ’
2275 2946 2393 2997 οἰκος
2416 2964 2528 3004 aava(
2547 2945 2629 2996 τδν
