2807 3289
127 304 130 308 Ι
186 327 545 380 ,Μωρῐοηιο
569 325 832 380 quadraginta
858 333 933 362 sex
955 323 1218 362 anuos'natus
1236 322 1367 361 fuisse
1391 321 1613 387 credendus
1636 325 1719 371 est,
1734 320 1791 370 *J
1806 321 1940 375 ibique
1964 316 2101 363 aetate
2120 315 2373 363 validissima
2387 336 2491 368 eon-

187 407 378 457 pjossuinne
389 411 520 452 'opera
543 410 630 450 sua,
659 399 902 452 quapropter
909 394 1152 435 Plutarchus
1165 398 1206 434 in
1216 394 1355 434 libello
1372 394 1420 435 de
1438 395 1557 436 exilio
1569 394 1702 442 (Tom.
1719 392 1823 434 Vm.
1842 408 1935 449 pag.
1953 396 2045 438 388.
2060 396 2223 448 Reisk.)
2285 387 2387 440 Kal*
2396 390 2491 456 γιξρ

108 514 110 516 ,
133 510 137 513 ,
186 471 293 523 τοῖς.
308 466 549 522 παλαιοῖς,
580 476 718 525 iuquit,
753 460 1001 511 αἱψΜοῦσαι
1029 460 1099 510 τά
1122 458 1373 510 κάλλιστα
1405 466 1497 510 τῶν
1524 458 1870 519 συνταγμάτων
1902 459 1985 510 καὶ
2014 459 2310 521 δοκιμώτατα
2337 462 2493 528 φυγῆν

188 540 418 598 λαβοῦσα(
441 537 652 602 συνεργὸν
678 534 1003 595 ἐπετέλεσαν·
1027 528 1297 592 Θουκυδίδης
1326 531 1578 593 Ἀθηναῖος
1609 531 1880 597 συνέγραψε
1897 534 1977 584 τόν
2002 533 2212 595 πόλεμον
2223 542 2316 585 τῶν
2337 538 2495 586 Πελο-

187 612 433 678 ποννησίων
452 611 541 661 καῖ’
556 608 827 668 Ἀθηναίων
846 611 896 657 ἐν
915 606 1078 673 Θράκῃ
1102 606 1210 673 περὶ
1228 607 1314 656 τοῗν
1336 606 1573 668 Σκαπτην
1592 604 1708 667 ὕλην
1731 628 1742 641 ·
1767 608 1983 672 Ξενοφῶν
2007 612 2057 659 ἑν
2089 611 2380 660 Σκιλλοῦντι
2406 613 2491 670 τῆς

125 694 132 699 ”
185 686 383 738 ἴΗλείας
404 706 414 717 ·
439 686 653 735 Φίλιστος
674 688 723 732 ἑν
744 681 950 746 Ἠπείρῳ
983 706 997 720 .
1030 682 1276 741 Τίμαιος
1309 680 1330 729 o‘
1363 687 1632 744 Ταυρομε
1647 681 1803 740 νίτης
1834 686 1891 730 ἐν
1924 681 2223 741 Ἀθήναις.

294 768 469 823 Magnas
488 765 680 820 quasdam
707 764 836 805 fuisse
856 764 1008 805 Timaei
1023 767 1063 805 in
1087 764 1269 804 historiis
1292 764 1589 805 conscribendis
1609 768 1780 804 virtutes
1803 769 2033 817 gravissimi
2049 765 2281 818 judicarunt
2301 772 2489 808 auctores

187 842 405 894 harumque
426 853 559 880 rerum
577 839 957 892 intelligentissimi,
986 851 1037 878 ex
1056 838 1200 891 quibus
1216 850 1337 877 unum
1355 838 1418 877 hic
1434 836 1610 878 sufficiat
1628 840 1858 877 nominasse
1876 837 2103 879 Ciceronem
2114 869 2126 891 ,
2157 843 2225 892 qui
2244 838 2294 879 de
2311 835 2487 891 Orat‘ll,

187 916 252 958 14.
281 917 473 961 Timaeus,
501 917 639 965 inquit,
667 919 852 961 quantum
860 914 1042 958 judicare
1056 924 1229 960 possum,
1256 916 1365 964 lonqe
1384 915 1679 959 eruditissimus,
1706 918 1744 950 ec
1760 924 1893 950 rerum
1906 916 2014 961 copia
2032 920 2068 952 et
2081 917 2356 953 sententiarum
2364 916 2489 953 varie·

186 996 263 1030 tate
279 991 646 1034 abundantissimus,
675 993 712 1025 ec
729 990 815 1034 ipsa
829 989 1092 1034 compositione
1108 990 1308 1024 verborum
1321 999 1398 1024 non
1414 989 1614 1034 impolitus,
1643 998 1822 1038 magnam
1836 990 2091 1035 eloquentiam
2108 991 2160 1025 ad
2174 992 2416 1027 scribendum
2431 992 2488 1028 αι-

185 1064 284 1101 tuate.
335 1059 444 1100 Idem
463 1063 502 1099 in
519 1059 619 1111 ΕΡΡ.
636 1058 686 1098 ad
705 1060 796 1099 Div.
818 1058 873 1109 V,
902 1059 968 1099 12.
986 1063 1026 1098 in
1046 1059 1358 1099 clarissimorum
1381 1063 1618 1111 scriptorum
1632 1072 1795 1099 numero
1811 1064 1924 1112 ponit
1940 1061 2142 1100 Timaeum
2155 1090 2168 1111 ,
2197 1053 2358 1100 beatum
2375 1073 2490 1112 prae·

186 1133 324 1179 dicans
344 1133 645 1182 Timoleontem,
674 1132 778 1184 quod
787 1132 909 1172 talem
921 1136 1061 1172 nactus
1079 1136 1133 1172 sit
1141 1135 1330 1173 virtutum
1341 1146 1500 1173 suarum
1513 1145 1764 1186 praeconem.
1819 1134 1973 1174 Deinde
1992 1139 2180 1186 quantum
2196 1138 2285 1186 ipse
2296 1134 2490 1175 Timaeus

184 1206 371 1258 judicarit
393 1211 573 1247 veritatis
602 1205 776 1245 studium
799 1218 893 1245 esse
918 1206 1063 1246 debere
1089 1210 1128 1245 in
1145 1219 1276 1245 rerum
1293 1210 1508 1259 scriptore,
1538 1210 1705 1259 egregie
1723 1211 1944 1255 testantur,
1983 1220 2085 1259 quae
2111 1207 2303 1260 Polybius
2325 1207 2491 1248 tradidit

185 1278 274 1333 ΧΠ,
303 1282 342 1332 7,
370 1281 408 1321 2.
436 1270 548 1327 “Orc
571 1269 758 1331 Τίμαιός
784 1275 890 1335 φησι
913 1271 1130 1332 μέγιστον
1158 1269 1414 1334 οἱμάρτημα
1431 1270 1536 1335 περὶ
1560 1271 1644 1330 την
1665 1270 1862 1335 ἱστορίαν
1890 1264 2003 1331 εῗνου
2030 1273 2086 1322 τὸ
2103 1269 2275 1333 ψεῦδος
2296 1293 2307 1304 ·
2326 1267 2389 1321 διὸ
2411 1270 2494 1320 καὶ

186 1349 396 1410 παρεῖναι
424 1344 618 1401 τούτοις,
663 1342 732 1393 οὓς
758 1340 818 1392 οἲν
843 1342 1078 1406 ἐξελέγξῃ
1107 1339 1455 1404 ὃιεψευσμένους
1480 1348 1529 1392 ὲν
1550 1347 1642 1393 τοῖς
1671 1343 2049 1409 συγγράμμασιν,
2093 1344 2249 1409 ἕτερόν
2272 1362 2315 1395 τι
2338 1344 2492 1406 ,ζητεῖν

188 1419 326 1479 ὄνομα
343 1423 434 1468 τοῖς
451 1418 677 1475 βιβλίοις,
709 1415 877 1465 πάντα
899 1413 947 1465 δὲ
969 1413 1215 1475 μᾶλλον*
1186 1435 1213 1475 η
1232 1416 1435 1465 καλεῖν
1420 1416 1628 1480 ιστορίαν.
1669 1416 1922 1480 Καθάπερ
1943 1418 2039 1481 γάρ
2058 1418 2140 1468 επι
2154 1439 2249 1467 των
2272 1417 2492 1476 κανόνων,

186 1489 281 1544 κάν
292 1490 562 1542 ἐλάττων
536 1512 561 1552 ῃ
578 1509 643 1553 τῳ
663 1487 811 1549 μήκει,
843 1484 936 1538 κάν
954 1494 1023 1553 τῷ
1041 1487 1225 1539 πλάτει
1245 1488 1578 1552 ταπεινότερος,
1597 1489 1777 1551 μετέχῃ
1797 1485 1845 1539 δὲ
1866 1495 1947 1549 τῆς
1962 1495 2041 1538 τοῦ
2058 1490 2243 1541 κανόνος
2260 1487 2491 1550 ἰδιότητος,

188 1564 362 1617 κανόνα
385 1563 518 1631 φησιν
538 1554 648 1622 εἰναι
673 1582 751 1623 και
773 1557 862 1613 δεῖν
890 1560 1231 1627 προςαγορεύειν
1255 1561 1393 1614 οὕτως
1414 1560 1557 1612 ’όταν
1582 1557 1630 1613 δὲ
1654 1568 1736 1622 τῆς
1758 1560 1952 1613 εὐθείας
1979 1584 2058 1612 και
2085 1584 2167 1614 της
2185 1581 2295 1628 προς
2315 1564 2493 1623 ταύτην

187 1639 457 1698 οἰκειότητος
482 1636 561 1686 οὐκ
592 1636 777 1699 ἑγγίζη,
817 1635 986 1686 πάντα
1005 1640 1200 1698 μᾶλλον
1226 1632 1367 1687 δεῖν
1339 1657 1365 1697 η
1390 1634 1564 1686 κανόνα
1594 1639 1794 1685 καλεῖν·
1820 1654 1900 1686 τον
1925 1634 2065 1686 αὐτον
2097 1636 2266 1701 τρόπον
2293 1658 2373 1688 και
2399 1643 2494 1688 τῶν

189 1711 595 1778 συγγραμμάτων,
629 1708 712 1760 όσα
731 1711 816 1770 μὲν
841 1706 901 1758 οἲν
918 1706 946 1768 ἢ
965 1730 1097 1759 κατα
1116 1730 1196 1760 τον
1218 1729 1445 1775 χειρισμον
1466 1731 1492 1759 η
1515 1708 1624 1759 κατ’
1645 1707 1776 1759 άλλο
1798 1727 1842 1758 τι
1863 1705 2231 1773 ὃιαμαρτάνητα]
2257 1730 2350 1760 των
2374 1707 2494 1762 ι’δίων

192 1793 364 1854 μερῶν,
396 1784 656 1874 οἰντέχητοᾳ
679 1780 725 1833 δὲ
753 1789 835 1840 τῆς
857 1779 1119 1842 άληθείας,
1150 1783 1421 1847 προςίεσθαί
1442 1789 1549 1848 φησι
1576 1783 1632 1832 τὸ
1661 1789 1741 1842 τῆς
1767 1782 1961 1846 ιστορίας
1993 1782 2132 1843 ὄνομα
2166 1786 2258 1833 τοίς
2276 1785 2493 1842 βίβλους,

192 1860 307 1920 ὅταν
330 1855 376 1910 δὲ
397 1856 567 1917 ταύτης
587 1855 860 1920 παραπέσῃ,
902 1857 1067 1915 μηκέτι
1091 1857 1349 1928 καλεῖςθοι(
1375 1852 1510 1906 δεῖν
1493 1857 1702 1919 ιστορίαν.
1764 1865 1981 1902 Praeterea
2001 1864 2165 1904 Timaeo
2187 1869 2333 1904 eximia
2354 1867 2494 1906 tribui-

192 1949 260 1985 tur
275 1956 300 1983 a
315 1941 518 1982 veteribus
535 1943 577 1978 et
600 1942 642 1977 in
660 1937 907 1988 temporibus
925 1937 1108 1977 notandis
1127 1937 1353 1991 diligentia,
1392 1951 1470 1990 qua
1484 1942 1635 1990 primus
1653 1949 1737 1976 rem
1766 1939 1885 1975 antea
1903 1947 2031 1987 paene
2048 1937 2277 1989 neglectam
2300 1951 2389 1978 cum
2408 1943 2497 1979 arte

193 2019 378 2059 tractarit
393 2011 663 2062 laudabilique
686 2022 803 2060 cura,
832 2014 874 2048 et
888 2008 1067 2048 locorum
1083 2013 1227 2061 peritia
1249 2014 1429 2063 insignis.
1485 2010 1626 2050 Talem
1645 2013 1771 2060 igitur
1790 2013 1999 2047 auctorem
2022 2012 2112 2060 quis
2134 2023 2210 2049 non
2228 2015 2343 2062 putet
2359 2015 2496 2065 singu-

161 2131 174 2142 χ
194 2093 273 2139 lari
290 2089 459 2142 quodam
476 2086 659 2125 fortunae
676 2084 814 2124 favore
831 2083 1031 2136 obtigisse
1047 2086 1091 2122 et
1107 2085 1334 2124 certissima
1348 2086 1528 2136 potuisse
1543 2080 1701 2133 fideque
1720 2079 1957 2134 dignissima
1973 2081 2118 2123 offerre
2133 2082 2349 2124 Plutarcho
2364 2084 2497 2126 ‘rimo-

195 2166 343 2207 leontis
365 2165 487 2201 vitam
508 2157 774 2198 enarratum?

303 2236 359 2277 At
375 2235 563 2286 leguntur
581 2230 685 2282 apud
704 2234 863 2270 veteres
874 2258 886 2280 ,
915 2241 1017 2281 quae
1034 2241 1220 2282 magnam
1245 2231 1361 2269 uobis
1379 2231 1537 2282 possint
1557 2229 1606 2270 de
1625 2230 1780 2270 Timaei
1795 2234 2033 2271 auctoritate
2048 2235 2309 2284 veritatisque
2328 2233 2495 2287 diligen-

199 2308 443 2362 tiavinjicere
460 2305 762 2354 dubitationem,
791 2315 970 2356 quaeque
990 2305 1027 2342 si
1042 2315 1139 2342 vera
1153 2306 1246 2353 sint,
1276 2306 1316 2342 in
1332 2315 1490 2343 errores
1504 2303 1665 2344 facilius
1684 2296 1812 2343 induci
1828 2309 2010 2356 potuisse
2019 2305 2221 2355 videatur,
2251 2310 2318 2357 qui
2330 2306 2497 2347 Timaeo

201 2384 251 2433 de
267 2380 532 2423 Timoleontis
548 2377 670 2417 rebus
691 2379 827 2430 agenti
851 2375 1084 2426 crediderit,
1123 2387 1240 2428 quam
1254 2387 1350 2415 vera
1375 2379 1606 2427 comperire.
1669 2376 1842 2415 Primum
1868 2379 1973 2416 enim
1990 2376 2173 2429 fuerunt,
2213 2383 2281 2431 qui
2296 2379 2417 2421 fidem
2432 2393 2500 2422 ne-

201 2460 345 2512 garent
359 2452 578 2493 habendam
604 2462 697 2490 esse
725 2453 934 2502 scriptori,
970 2453 1037 2502 qui
1065 2462 1143 2488 non
1171 2448 1302 2488 solum
1325 2461 1456 2488 rerum
1482 2448 1744 2502 gerendarum
1771 2452 1932 2489 inscitia
1958 2450 2086 2490 multa
2113 2450 2220 2491 falso
2249 2452 2497 2505 tradidisset,

202 2519 421 2572 sedetiam
439 2524 621 2567 consulto
637 2523 743 2564 haud
762 2536 891 2575 pauca
908 2526 948 2562 in
964 2523 1158 2564 historias
1179 2535 1275 2562 suas
1293 2522 1495 2563 intulisset
1508 2521 1726 2561 mendacia.
1780 2521 1915 2574 Atque
1939 2527 2053 2575 prius
2073 2524 2175 2565 illud
2191 2537 2241 2565 ne
2259 2525 2398 2565 Cicero
2414 2529 2498 2578 qui-

201 2604 315 2654 dem,
354 2612 590 2655 quamquam
613 2597 1015 2638 honorificentissime
1043 2596 1092 2636 de
1118 2596 1283 2636 Timaeo
1305 2596 1473 2648 judicat,
1510 2608 1679 2647 prorsus
1699 2594 1981 2637 dissimulavit.
2044 2597 2127 2638 Sub
2149 2599 2265 2638 finem
2286 2602 2391 2637 enim
2406 2597 2498 2650 ejus

202 2676 305 2726 loci,
334 2687 450 2726 quem
465 2687 588 2726 supra
608 2672 895 2725 adscripsimus
914 2683 965 2710 ex
982 2670 1084 2709 libro
1107 2668 1158 2710 11.
1178 2670 1227 2710 de
1246 2670 1359 2710 Orat.
1379 2684 1411 2709 c.
1430 2667 1516 2719 14„
1554 2682 1740 2722 magnam
1759 2669 1917 2722 quidem
1933 2670 2195 2728 eloquentiam
2212 2673 2271 2710 ait
2290 2670 2499 2714 Timaeum

208 2750 261 2792 ad
290 2742 541 2789 scribendum
569 2747 782 2797 attulisse,
819 2745 912 2787 sed
937 2744 1130 2786 nullum
1165 2757 1312 2786 usum
1348 2744 1629 2786 forensem.
1689 2743 1772 2785 Sed
1793 2745 1918 2785 multo
1936 2747 2065 2785 acrius
2090 2747 2133 2784 et
2154 2743 2346 2788 infestius
2372 2749 2414 2787 in
2432 2745 2498 2789 Ti-

248 2913 288 2959 .)
306 2909 430 2946 Rxhis
448 2909 587 2951 videtur
611 2921 700 2943 com
687 2911 815 2955 igentia
838 2922 913 2946 ene
933 2914 1144 2958 computatio
1160 2912 1334 2956 Goeller-i,
1361 2913 1425 2957 qui
1439 2922 1549 2955 quum
1566 2914 1730 2948 nondum
1741 2920 1857 2949 nosset
1870 2914 1991 2950 locun
2002 2920 2110 2958 'upra
2120 2912 2332 2959 ffloeiplun
2349 2911 2503 2958 101be

274 2973 332 3012 ὼ
339 2974 431 3019 Aug
443 2972 537 3010 Maio
550 2975 665 3018 primo
680 2975 877 3020 vulgatum,
900 2979 1163 3022 sexagenarium
1179 2978 1296 3013 statuit
1318 2977 1501 3012 Timaeum
1512 2975 1665 3013 Athena·
1675 2980 1822 3013 venisse.
2216 3027 2241 3064 2
