2807 3289
1266 166 1528 209 -11-

227 303 374 352 ’ροςιιο
389 296 544 338 ustum
568 296 607 335 ei
628 291 881 334 tribuendum
908 289 1067 332 videtur
1089 302 1204 343 ease,
1232 297 1311 343 ut„
1328 305 1445 346 quem
1471 293 1541 334 ille
1567 290 1794 332 nominibus
1816 303 1945 345 snpra
1971 296 2219 333 memoratis-
2234 294 2550 352 Μή,

234 371 500 416 mannos
517 380 677 422 qnoque
687 367 806 410 ,nihili
823 364 1050 414 faciendum
1069 378 1164 406 esse
1179 365 1431 407 arbitremur.
1482 367 1710 416 Postremo,
1740 371 1785 406 ut
1802 370 1880 406 iam
1894 367 2105 408 redeamus
2123 367 2174 409 ad
2185 369 2254 409 rea'
2269 365 2547 433 Timoleontis,

239 447 407 500 propter
425 454 526 495 quas
546 442 645 482 haec
674 443 807 482 omnia
830 439 1103 492 disputamus,
1131 443 1231 480 vitia
1252 439 1337 491 illa,
1362 444 1520 480 etiamsi
1550 446 1592 480 et
1618 453 1714 483 esse
1746 444 1844 479 vitia
1865 445 1906 480 et
1932 445 1971 480 in
2004 442 2167 482 Timaeo
2198 443 2332 484 fam
2356 443 2547 488 com

237 528 344 567 mus,
372 520 503 556 tamen
521 527 692 556 necesse
706 527 785 553 ιιοιι
803 518 870 553 est
887 513 928 553 id
948 515 1150 563 effecisse,
1178 519 1224 553 nt
1239 527 1308 559 res
1322 518 1445 565 ipsas,
1474 527 1574 567 quas
1594 515 1747 565 eodem,
1766 527 1844 566 quo
1862 517 1952 566 ipse
1972 519 2070 554 vixit
2085 521 2278 568 tempore,
2299 518 2544 572 iisdemque,

238 589 383 642 quibus
409 593 497 642 ipse
523 594 642 638 natus
673 591 763 627 erat
783 582 1047 640 magnamque
1075 591 1183 627 vitae
1212 593 1367 639 partem
1398 588 1564 641 degerat
1587 587 1776 627 Timaeus
1802 587 1929 639 locis,
1966 588 2033 628 vel
2060 589 2215 629 fecerat
2238 590 2304 631 vel
2323 588 2545 648 perpessus

233 666 325 704 erat
344 662 574 711 Timoleon,
601 672 679 716 non
698 662 875 711 potuerit
897 660 968 700 ille
987 672 1081 700 vere
1094 664 1145 700 et
1162 673 1255 700 cum
1270 660 1348 702 fide
1371 673 1570 702 enarrare.
1628 704 1631 707 Α

337 736 494 776 Deinde
509 733 704 786 Polybius
727 733 984 786 reprehendit
997 734 1224 785 Timaeum,
1266 734 1369 787 quod
1393 726 1511 775 rebus
1540 735 1796 786 explorandis
1821 730 1961 788 parum
1988 736 2216 777 adhibuerit
2233 737 2476 796 diligentiae
2501 745 2546 780 et

228 789 500 861 cunquadsm
513 810 635 846 animi
651 806 819 847 levitate
829 808 988 848 tradere
996 822 1073 848 non
1084 811 1139 848 sit
1152 811 1327 859 veritus,
1356 821 1455 860 quae
1471 809 1578 848 falsa
1597 821 1692 865 esse
1711 806 1901 849 facillime
1911 815 2089 870 potuerit
2098 823 2361 866 cognoscere.
2418 810 2544 870 Cujus

228 885 319 924 vitii
340 874 529 921 nonnulla
549 883 736 932 proponit
758 881 942 934 exempla
956 882 1011 931 *).
1066 882 1243 921 Primum
1267 885 1371 921 enim
1394 882 1496 934 quod
1515 882 1716 922 Romanos
1745 882 1852 922 dicat
1874 882 2063 923 Timaeus
2081 890 2299 938 propterea
2321 881 2541 947 quotannis

228 954 294 1015 die
308 958 416 995 stato
433 965 578 1007 equum
603 954 838 998 immolare
827 969 867 1013 ιιι
885 968 1024 1008 campo
1039 955 1222 995 Martioss
1225 955 1268 1005 ²²)
1278 985 1290 1006 ,
1327 961 1371 995 ut
1391 960 1681 1007 monumentum
1709 960 1823 1015 esset
1839 956 1987 1009 Troiae
2004 968 2077 1010 per
2093 969 2238 1010 equum
2252 954 2431 1013 ligneum
2450 965 2541 1012 cap·

227 1033 319 1078 tae,
347 1027 389 1068 id
409 1027 675 1068 falsissimum
692 1041 809 1079 esse,
840 1033 933 1081 quia
950 1030 1111 1069 barbari
1129 1029 1216 1069 fere
1233 1042 1396 1079 omnes,
1423 1034 1542 1070 etiam
1561 1033 1634 1083 qui
1648 1042 1673 1068 a
1692 1012 1866 1070 Troiana
1885 1035 2013 1084 stirpe
2033 1044 2110 1083 non
2131 1036 2273 1088 essent
2290 1035 2384 1082 orti,
2411 1035 2541 1083 prius·

226 1114 345 1155 quam
361 1102 510 1145 bellum
534 1106 787 1155 susciperent
810 1103 1050 1157 gerendum,
1080 1117 1223 1156 equum
1250 1107 1552 1144 consuevissent
1566 1108 1743 1143 mactare
1755 1133 1767 1154 ,
1806 1104 1920 1156 cujus
1938 1118 1987 1145 ex
2002 1118 2099 1145 casu
2123 1084 2172 1145 de
2192 1104 2291 1145 belli
2308 1110 2457 1145 eventu
2474 1117 2541 1163 an-

224 1180 490 1230 gurarentur3
527 1188 673 1230 quare,
703 1189 806 1230 quae
832 1181 914 1218 tam
933 1176 1114 1231 vulgaris
1135 1181 1250 1218 esset
1276 1176 1534 1219 barbarorum
1559 1177 1831 1229 consuetudo,
1875 1190 1965 1218 eam
1993 1176 2097 1231 apud
2113 1174 2315 1219 Romanos
2345 1171 2423 1219 non
2447 1184 2541 1238 pro·

220 1254 316 1302 pter
338 1254 432 1302 equi
459 1251 570 1289 illius
587 1251 711 1304 lignei
730 1251 1044 1292 recordationem
1067 1264 1162 1291 esse
1188 1254 1425 1290 institutam.
1477 1251 1633 1291 Deinde
1666 1264 1715 1289 ne
1742 1251 1791 1290 de
1824 1255 1971 1303 patriis
1993 1245 2157 1304 quidem
2186 1251 2328 1314 rebus,
2358 1259 2540 1313 quasque

223 1326 313 1364 suis
328 1327 417 1377 ipse
433 1324 689 1377 adspexisset
705 1325 849 1376 oculis,
878 1329 979 1366 satis
998 1338 1095 1366 vera
1120 1324 1315 1364 retulisse
1330 1323 1547 1386 Timaeum,
1577 1324 1667 1364 inde
1687 1312 1827 1377 patere
1847 1329 1985 1379 arguit
2003 1324 2214 1379 Polybius,
2245 1311 2351 1378 qnod
2366 1320 2540 1365 hetha-

222 1408 296 1440 sae
319 1398 444 1438 fontis
466 1398 592 1439 Siculi
618 1402 814 1451 originem
844 1401 885 1439 iu
903 1398 1182 1451 Peloponneso
1209 1398 1420 1438 affirmarit
1444 1411 1560 1450 esse3
1592 1396 1786 1449 Alpheum
1805 1402 1930 1450 enim,
1958 1399 2089 1440 Elidis
2119 1396 2304 1450 fluvium,
2334 1394 2410 1439 sub
2436 1402 2540 1440 mari

223 1483 386 1511 cursum
403 1472 552 1511 babere
570 1475 611 1511 in
629 1472 811 1511 Siciliam
824 1472 960 1524 ibique
978 1484 1103 1524 prope
1113 1471 1338 1524 Syracusas
1353 1485 1402 1511 ex
1419 1473 1507 1511 solo
1532 1472 1660 1510 denuo
1679 1471 1888 1522 prosilire,
1919 1472 2033 1522 cujus
2052 1476 2112 1512 rei
2130 1477 2412 1525 argumentum
2426 1462 2537 1524 esse,

223 1544 349 1598 quod,
378 1558 499 1597 quum
527 1544 739 1596 aliquando
763 1548 868 1585 inter
894 1545 1012 1585 ludos
1022 1544 1256 1598 Olympicus
1278 1545 1415 1597 pluvia
1434 1556 1553 1596 super
1569 1547 1680 1596 ripas
1701 1548 1844 1584 auctus
1862 1543 2045 1603 Alpheus
2063 1549 2268 1599 regionem
2283 1549 2404 1587 istam
2423 1547 2539 1586 iumi-

224 1617 389 1670 dasset,
428 1618 595 1658 multum
635 1621 829 1658 stercoris
857 1630 881 1657 a
905 1617 1058 1669 bubus,
1096 1621 1163 1671 qui
1190 1617 1401 1672 Olympiae
1432 1617 1629 1667 fuissent,
1667 1616 1764 1657 editi
1796 1631 1844 1657 ac
1870 1618 1981 1658 fluvii
2012 1621 2129 1671 aquis
2163 1618 2313 1676 prolati
2339 1619 2539 1671 eiecisset

224 1697 368 1745 postea
386 1691 613 1742 Arethusa3
643 1695 763 1743 atque
780 1695 902 1743 etiam
918 1691 1094 1743 phialam
1117 1680 1302 1742 auream,
1332 1703 1431 1745 quae
1447 1690 1659 1743 Olympiae
1687 1689 1854 1743 delapsa
1878 1696 1993 1730 esset
2017 1695 2057 1730 in
2087 1692 2274 1749 fluvium,
2301 1686 2423 1744 paulo
2443 1697 2539 1744 post

224 1765 274 1806 ab
295 1764 498 1807 Arethusa
520 1765 632 1805 fonte
656 1778 750 1806 esse
766 1765 926 1806 editam.
1850 1753 1854 1755 ,

270 1824 311 1885 J,
330 1838 406 1878 His
434 1842 579 1892 igitur
590 1839 786 1891 exemplis
815 1839 952 1878 allatis
973 1838 1164 1890 Polybius
1183 1826 1431 1877 demonstrat
1452 1841 1608 1891 turpem
1631 1837 1762 1878 fuisse
1781 1837 1966 1878 Timaei
1954 1852 1993 1877 ιιι
2017 1850 2150 1879 rerum
2178 1842 2350 1879 veritate
2374 1850 2535 1880 exseru-

225 1910 346 1951 tanda
361 1911 428 1951 vel
449 1912 734 1965 negligentiam
758 1912 823 1952 vel
848 1910 1136 1951 credulitatem.
1199 1910 1255 1950 At
1274 1916 1368 1950 sunt
1383 1911 1455 1950 illa
1473 1912 1657 1963 exempla
1673 1925 1722 1951 ex
1743 1924 1791 1950 eo
1808 1922 1985 1963 genere,
2019 1914 2061 1949 in
2082 1924 2161 1963 quo
2178 1916 2339 1951 constat
2352 1918 2538 1972 veterum

224 1988 465 2036 scriptorum
482 1984 631 2025 multos
651 1997 730 2023 ιιοιι
749 1995 822 2036 ea,
849 1995 965 2035 quam
982 1985 1229 2033 posteriores
1256 1989 1546 2025 consueverunt
1568 1987 1796 2036 requirere,
1824 1989 2013 2024 versatos
2037 1995 2133 2022 esse
2151 1982 2363 2037 diligentia
2378 1995 2427 2026 ac
2441 1977 2536 2037 fide,

224 2069 303 2110 quo
321 2057 471 2096 factum
488 2062 577 2108 est,
613 2062 659 2096 ut
676 2056 854 2096 multae·
843 2070 880 2095 ιιι
908 2068 1043 2095 eorum
1063 2054 1190 2094 libros
1208 2054 1446 2115 inferrentur
1471 2057 1537 2098 vel
1561 2055 1724 2095 fabulae
1743 2058 1907 2105 inanes,
1945 2055 2012 2094 vel
2027 2055 2250 2096 fabularum
2266 2051 2537 2117 antiquorum·

224 2142 302 2182 que
321 2133 468 2168 rituum
487 2130 775 2181 explicationes
792 2129 893 2167 nulli
916 2131 1185 2180 posteriorum
1203 2112 1445 2180 probabiles·
1509 2128 1571 2167 Ac
1590 2141 1687 2167 sane
1704 2127 1861 2180 quidem
1879 2117 2069 2168 Timaeus
2087 2132 2243 2169 tantum
2259 2124 2459 2171 abfult'n‘t
2485 2126 2536 2172 ab

222 2205 306 2244 ista
329 2201 617 2242 consuetudine
632 2189 887 2251 abhorreret,
930 2205 1130 2249 utrerum
1154 2202 1394 2241 mirabilium
1423 2203 1544 2241 etiam
1562 2205 1679 2260 ιιίιιιίι
1710 2201 1833 2241 fuerit
1853 2201 2074 2242 studiosus.
2130 2201 2202 2242 Cui
2221 2197 2356 2242 studio
2373 2213 2463 2244 eum
2477 2187 2535 2245 ln·

222 2275 401 2317 duleisse
421 2287 656 2328 quamquam
677 2275 841 2326 laudare
860 2286 975 2313 nemo
983 2278 1133 2325 potest,
1163 2278 1295 2314 tamen
1312 2288 1388 2313 non
1408 2277 1507 2313 tanti
1517 2275 1675 2315 videtur
1694 2274 1918 2315 faciendum
1937 2287 2041 2324 esse,
2072 2277 2205 2325 quanti
2216 2266 2533 2328 fec'itPolyblun.

222 2349 365 2402 Neque
391 2350 505 2390 solus
525 2349 596 2389 ille
613 2361 700 2389 eam
712 2378 723 2400 ,
754 2360 872 2400 quam
887 2359 1008 2401 supra
1026 2350 1431 2396 commemoravimus,
1469 2352 1627 2398 putavit
1648 2351 1740 2399 equi
1765 2347 1869 2399 apud
1891 2334 2094 2386 Romanos
2108 2340 2534 2405 quotanniaimmobfi

223 2422 355 2464 fuisse
368 2418 544 2474 causam,
575 2422 647 2462 sed
667 2422 892 2474 complures
902 2425 943 2461 in
965 2421 1104 2461 eadem
1113 2420 1243 2461 fuisse
1264 2423 1462 2459 sententia
1479 2432 1529 2460 ex
1549 2425 1600 2461 iis
1620 2415 1797 2472 apparet,
1827 2431 1929 2471 quae
1946 2418 2189 2459 Plutarchus
2199 2415 2324 2477 habet
2339 2417 2380 2462 ln
2397 2415 2532 2464 Quae-

223 2498 422 2546 stionibus
442 2496 710 2536 Rom.T.V11.
727 2510 765 2547 p.
783 2497 874 2536 155.
929 2487 1028 2537 Διοὶ
1046 2485 1095 2535 τί
1110 2489 1211 2535 ταῖς
1222 2483 1532 2548 Δεκεμβρίαις
1554 2481 1681 2534 εἰδοῖς
1700 2480 2003 2548 ἱπποδρομίας
2027 2484 2271 2545 γενομένης
2291 2484 2313 2534 ὅ
2341 2486 2527 2552 mairie}-
2582 2484 2585 2487 ’

224 2556 366 2622 elegatis
391 2560 501 2624 ἱερὸς
516 2557 648 2624 ’Ἄρει
670 2559 862 2616 &ierom
897 2559 1091 2622 πότερον
1114 2558 1196 2615 (ὠς
1219 2559 1319 2608 ἔνιοι
1338 2558 1568 2618 λέγουσιν)
1591 2555 1724 2623 ἵππῳ
1735 2558 1822 2608 viv
1834 2557 2004 2622 Τροίαν
2024 2556 2255 2616 ἦλωκέναγ
2276 2555 2530 2618 pepigerit}

223 2629 367 2684 ἵππον
388 2631 682 2696 κολάζουσιν,
717 2629 804 2683 οἵτε
823 2628 875 2696 δή
902 2631 984 2683 καὶ
1001 2632 1246 2695 γεγονότες
1264 2630 1425 2698 Τρώων
1454 2628 1809 2695 οἶγλοιοὶθτέκνοι
1838 2631 2103 2696 μεμιγμένα
2129 2628 2265 2682 παισὶ
2278 2629 2528 2690 Δητθίθωνξ

268 2875 304 2914 ⁸)
323 2873 455 2915 Fragm.
470 2872 594 2915 Polyb.
617 2883 662 2904 ex
675 2874 850 2907 Vaticanis
865 2876 967 2908 codd.
983 2876 1041 2910 ed.
1057 2875 1096 2908 ab
1112 2875 1201 2917 Aug.
1215 2874 1324 2908 Maio.
1354 2876 1396 2908 T.
1410 2875 1453 2907 11.
1468 2885 1504 2916 p.
1517 2852 1599 2908 581.
1616 2885 1694 2918 sqq.
1738 2873 1851 2909 Lucht
1866 2883 1946 2916 pag.
1964 2873 2007 2906 13
2015 2883 2093 2917 sqq.

245 2936 303 2974 ’Ὃ
327 2934 381 2969 ef.
394 2935 435 2968 de
449 2945 541 2977 equo
561 2933 705 2969 Octobri
722 2934 891 2969 Harum
902 2947 940 2980 g,
965 2939 1021 2972 die
1042 2938 1207 2980 Religion
1217 2934 1286 2980 *der
1303 2936 1441 2973 Rdmer.
1460 2936 1508 2970 11.
1530 2941 1613 2981 pag.
1630 2939 1706 2972 1⁶0.
