2807 3289
1244 240 1509 286 -ss-i

227 379 390 434 „fijan
409 375 495 425 est,
534 373 665 425 neque
691 371 857 418 Timaeo
882 370 1040 412 videtur
1064 370 1136 412 ille
1160 382 1249 412 eam
1273 371 1432 412 laudem
1459 367 1686 425 impertire,
1725 381 1828 425 quae
1853 373 1903 414 ab
1936 365 2162 415 bominibus
2186 373 2346 418 honesti
2366 375 2529 434 verique

224 450 420 497 mansis
436 459 509 500 pro
524 446 764 489 contumelia
781 443 917 499 potius
936 449 993 486 sit
1007 441 1212 505 habenda,
1242 457 1359 499 quam
1377 457 1449 498 pro
1466 446 1596 487 laude.

226 540 230 561 1
300 538 304 572 ζ
332 522 507 567 Primum
525 526 650 574 enim,
677 520 783 574 quod
801 523 923 560 etiam
939 518 1188 561 Matthiaeus
1207 519 1258 561 ad
1280 521 1382 560 hanc
1400 521 1611 573 epistolam
1633 523 1856 573 annotavit,
1897 521 2108 562 tenendum
2127 527 2213 574 est,
2248 537 2324 577 quo
2345 530 2528 580 tempore

224 597 366 645 vicero
387 608 475 644 eam
487 594 719 649 scripserit·
774 594 948 647 Scripsit
968 599 1101 635 autem
1117 607 1218 635 anno
1236 601 1446 647 postquam
1466 597 1515 637 ab
1531 594 1654 635 exilio
1676 595 1868 647 redierat,
1898 608 1948 636 eo
1964 600 2090 649 igitur
2113 604 2314 650 tempore,
2344 613 2421 652 quo
2436 612 2526 654 pm·

222 676 314 724 pter
327 682 394 711 res
411 674 451 711 in
470 669 681 711 consulatu
699 672 812 708 actas
827 668 1041 713 multorum
1059 668 1187 708 adhuc
1205 669 1404 709 hominum
1422 668 1619 724 flagrabat
1635 668 1794 719 invidia,
1824 682 1980 723 quoque
1988 669 2083 721 jure
2101 670 2269 723 quodam
2288 684 2364 713 suo
2377 673 2528 716 licebat

223 746 267 784 ci*
278 748 438 797 optare,
466 748 531 794 ut,
561 752 665 795 quae
681 745 908 795 patriaeac
922 740 1124 783 libertatis
1142 742 1275 784 studio
1290 749 1493 797 permotus
1510 743 1718 797 praeclare
1732 743 1922 795 fecisset,
1960 756 2099 785 eorum
2123 744 2214 786 laus
2236 759 2286 787 ne
2304 746 2527 789 invidorum

153 815 163 817 ζ
221 816 425 858 homiuum>
437 816 729 856 obtrectatione
748 819 790 855 et
808 828 884 856 sua
900 829 989 857 cum
1006 820 1151 858 iniuria
1173 822 1216 857 et
1240 821 1413 858 civitatis
1436 817 1541 859 haud
1562 820 1708 871 exiguo
1730 817 1966 857 detrimento
1989 821 2290 860 imminueretur
2314 824 2433 874 atque
2456 820 2524 863 ob-

220 895 431 933 tererctur.
496 889 614 931 Quod
638 894 805 945 egregie
832 894 1064 932 testimonio
1091 904 1167 933 sua
1192 892 1399 934 confirmat
1424 891 1716 934 Quinctilianus
1744 890 1803 932 XI
1812 922 1825 945 ,
1856 892 1878 933 1
1890 921 1902 942 ,
1932 892 1994 933 17.
2023 906 2138 946 quem
2165 894 2299 935 locum
2324 894 2430 936 idem
2453 894 2525 938 ille

219 964 398 1007 laudavit
414 963 679 1006 Matthiaeus.
733 965 875 1019 Itaque
892 966 988 1007 licet
1007 966 1284 1020 concedamus,
1313 981 1401 1008 eam
1419 968 1647 1009 Ciceronem
1669 967 1895 1007 ostendisse
1912 966 2085 1007 Lucceio
2104 968 2234 1009 laudis
2251 969 2522 1022 cupiditatem,

220 1039 334 1092 quae‘
350 1039 554 1079 severiore
582 1052 737 1081 morum
763 1041 944 1081 doctrina
962 1041 1123 1094 probari
1144 1055 1219 1080 non
1239 1045 1390 1094 possit,
1409 1042 1451 1092 ²³²)
1486 1047 1621 1081 tamen
1642 1041 1717 1080 hoc
1743 1055 1818 1081 non
1839 1041 2043 1094 prohibet,
2081 1046 2291 1094 quominus
2313 1043 2523 1083 amabilem

217 1111 412 1165 quendam
426 1115 468 1152 in
487 1098 691 1166 omnibus,
730 1126 832 1168 quae
856 1116 1028 1169 gloriam
1045 1128 1159 1157 suam
1180 1115 1521 1157 commendaturus
1538 1116 1681 1156 scribit
1702 1115 1896 1167 Lucceio,
1934 1128 2200 1170 agnoscamus
2228 1120 2350 1157 animi
2382 1116 2522 1158 cando-

213 1197 299 1227 rem
316 1199 365 1227 ac
380 1190 663 1228 sinceritatem.
2010 1198 2014 1203 ’

325 1259 480 1300 Deinde
498 1265 550 1302 iis
572 1265 700 1314 ipsis,
729 1274 831 1315 quae
846 1275 970 1316 supra
994 1267 1368 1316 transscripsimus,
1406 1264 1547 1315 quibus
1569 1265 1671 1314 petit
1686 1274 1712 1301 a
1740 1262 1936 1312 Lucceio,
1974 1265 2074 1301 utin
2093 1273 2187 1301 sese
2205 1262 2379 1302 ornando
2401 1263 2518 1317 leges

218 1331 415 1375 historiae
434 1335 645 1389 negligere
655 1348 705 1376 ne
722 1341 920 1389 vereatur,
950 1341 1171 1390 praemittit
1187 1338 1257 1378 ille
1275 1338 1377 1377 haec
1393 1340 1430 1387 §.
1445 1337 1483 1379 6.
1525 1337 1659 1385 Neque
1674 1343 1799 1376 tamen
1809 1340 1955 1388 §quor-o,
1981 1348 2099 1386 quam
2113 1337 2518 1389 impudenter-facim,

213 1412 282 1456 qui
298 1413 469 1456 primum
487 1413 555 1448 tibi
569 1416 720 1449 tantum
744 1415 872 1449 oneris
889 1415 1100 1459 imponam,
1127 1416 1264 1449 deinde
1285 1407 1416 1459 enain,
1452 1418 1496 1450 ut
1511 1423 1626 1449 ornes
1646 1423 1725 1457 me,
1751 1414 1945 1458 postulem.
2001 1410 2092 1449 Quo
2111 1410 2218 1449 dicto
2240 1411 2456 1451 Schiitzius
2475 1417 2520 1451 et

210 1486 305 1536 post
322 1493 414 1523 eum
424 1469 674 1524 Matthiaeus
693 1487 804 1524 recte
824 1483 1043 1524 docuerunt
1060 1484 1239 1535 indicari,
1270 1497 1371 1537 quae
1391 1488 1620 1536 sequantur,
1638 1483 1847 1524 modestae
1863 1487 2094 1524 meritorum
2112 1497 2275 1525 suorum
2291 1485 2516 1527 dissimula-

211 1560 308 1599 tioni
320 1560 470 1611 potius,
499 1568 616 1611 quam
629 1560 800 1598 vanitati
818 1558 1026 1600 tribuenda
1041 1569 1150 1611 esse,
1178 1563 1221 1599 et
1231 1558 1362 1612 jocari
1379 1561 1509 1612 magis
1524 1556 1769 1610 Ciceronem,
1799 1569 1917 1611 quam
1934 1561 2042 1599 serio
2061 1570 2198 1612 agere.
2227 1558 2329 1600 Quis
2348 1562 2454 1601 enim
2470 1562 2516 1602 in

211 1635 384 1674 animum
398 1631 560 1675 inducat
585 1631 772 1684 credere,
811 1633 915 1685 quod
933 1636 1023 1686 ipse
1042 1633 1309 1687 impudentiae
1339 1645 1431 1673 esse
1446 1631 1636 1685 judicarit
1657 1637 1699 1673 et
1720 1632 1933 1686 professus
1959 1636 2014 1672 sit
2034 1632 2196 1684 Cicero,
2233 1633 2275 1673 id
2291 1642 2383 1690 cum
2405 1636 2516 1675 serio

210 1713 298 1746 cum
320 1701 493 1746 Lucceio
518 1707 690 1760 egisse?
734 1705 791 1745 At
815 1707 931 1751 dicat
948 1707 1117 1759 aliquIs:
1153 1708 1323 1748 Frustra
1348 1714 1391 1747 tu
1416 1707 1595 1746 defendis
1621 1721 1765 1747 vanum
1791 1720 1953 1746 suarum
1977 1719 2109 1746 rerum
2131 1707 2392 1758 jactatorem,
2431 1711 2514 1761 qui,

211 1791 331 1831 quum
348 1791 486 1818 veram
508 1783 684 1834 aperiret
694 1783 813 1819 animi
830 1783 893 1819 sui
909 1784 1162 1831 sententiam,
1193 1795 1270 1833 qua
1287 1784 1466 1820 veritatis
1483 1781 1587 1821 fines
1606 1784 1645 1820 in
1657 1794 1751 1821 sese
1768 1780 2034 1833 praedicando
2054 1780 2282 1833 transgredi
2299 1780 2514 1822 Lucceium

209 1852 561 1892 vehementissime
586 1857 772 1905 cuperet,
809 1856 868 1893 ita
884 1857 1017 1893 tamen
1044 1853 1189 1894 callide
1213 1854 1252 1894 id
1271 1857 1563 1907 pronuntiavit,
1598 1859 1643 1895 ut
1660 1854 1926 1908 impudentiae
1951 1858 2070 1906 atque
2092 1853 2369 1894 immodestiae
2392 1853 2512 1907 culpa

207 1933 255 1966 se
271 1926 465 1967 liberaret
475 1955 488 1978 ,
518 1930 559 1968 et
574 1926 683 1967 nolle
699 1925 924 1978 videretur,
952 1926 1057 1980 quod
1074 1927 1140 1967 vel
1155 1932 1325 1968 maxime
1342 1929 1430 1970 fieri
1446 1929 1583 1969 vellet.
1644 1928 1688 1968 ld
1707 1941 1783 1980 quo
1816 1931 1946 1967 minus
1960 1940 2098 1967 verum
2116 1927 2517 1979 esse‘concedamus,

207 1999 372 2053 impedit
384 2011 481 2050 nos,
520 1998 627 2052 quod
653 1999 745 2045 aliis
771 1999 953 2051 ejusdcm
977 2000 1176 2051 epistolae
1199 2002 1301 2044 locis
1324 2002 1538 2044 manifesto
1563 2002 1788 2055 significat,
1822 2015 1901 2042 non
1926 2013 2016 2042 eam
2043 2013 2090 2041 se
2106 2013 2276 2053 poscere
2290 2001 2511 2043 a-Lucceio

205 2084 338 2113 rerum
352 2085 516 2113 suarum
533 2076 847 2123 enarrationem,
884 2084 986 2125 quae
1009 2072 1173 2113 violatis
1198 2078 1381 2116 veritatis
1396 2076 1557 2131 legibus
1576 2086 1647 2125 ea,
1686 2085 1788 2126 quae
1803 2075 2127 2127 reprehendenda
2143 2078 2245 2127 sint,
2272 2075 2338 2116 vel
2356 2075 2508 2128 laudet,

206 2147 272 2186 v‘el
295 2146 440 2185 saltem
464 2158 543 2184 non
561 2145 839 2197 reprehendat.
905 2145 1229 2187 Commemorans
1247 2151 1352 2187 enim
1377 2151 1566 2187 materiae
1591 2149 1763 2187 Lucceio
1783 2148 1942 2188 oblatae
1959 2153 2000 2188 et
2017 2151 2253 2188 varietatem
2279 2152 2322 2188 et
2340 2151 2509 2201 copiam,

205 2219 265 2260 Et
291 2218 668 2270 reprehendes,
697 2221 847 2270 inquit,-
873 2230 953 2268 ea,
984 2232 1111 2270 quae
1136 2214 1481 2271 vituperanda
1499 2220 1682 2271 duces,
1712 2226 1764 2260 et
1792 2234 1915 2273 quae
1941 2222 2236 2273 placebunt,
2264 2234 2510 2273 exponen-

205 2291 282 2333 dis
308 2291 575 2333 rationibu
586 2303 607 2331 s
635 2303 771 2344 comp
782 2303 803 2331 r
814 2304 837 2330 o
848 2291 906 2331 ba
917 2291 1009 2331 bis.
1064 2291 1118 2331 Et
1129 2302 1180 2332 ne
1197 2296 1286 2344 quis
1303 2297 1496 2345 opinetur,
1509 2316 1511 2318 -
1524 2293 1635 2347 loqui
1653 2296 1883 2335 Ciceronem
1900 2295 1948 2334 de
1956 2299 2020 2345 iis,
2050 2306 2152 2346 quae
2169 2298 2207 2334 in
2224 2293 2318 2334 aliis
2326 2294 2508 2337 fortasse

203 2365 466 2419 vituperanda
482 2377 578 2405 esse
599 2369 752 2405 statuat
766 2364 983 2417 Lucceius,
1012 2377 1089 2404 non
1105 2364 1154 2405 de
1172 2368 1238 2416 iis,
1267 2369 1425 2418 quaein
1444 2374 1573 2408 semet
1584 2371 1673 2420 ipso
1692 2368 1929 2420 displiceant
1944 2367 2096 2418 eidem,
2122 2379 2401 2421 comparemus
2414 2379 2507 2411 eum

202 2439 334 2491 locum
344 2467 357 2491 ,
386 2451 465 2492 quo
483 2451 630 2480 causas
646 2440 785 2491 affert,
812 2444 977 2492 propter
997 2446 1095 2492 quas
1112 2452 1137 2479 a
1154 2433 1337 2480 Luccei&
1350 2452 1419 2479 res
1436 2452 1532 2480 suas
1549 2445 1777 2494 posteritati
1796 2424 1921 2491 tradi,
1951 2454 2069 2494 quam
2077 2445 2167 2494 ipse
2184 2441 2234 2482 de
2251 2455 2300 2483 se
2326 2443 2505 2500 scribere

201 2513 339 2565 malit,
377 2513 568 2566 quo‘loco
598 2513 725 2565 Sed,
755 2513 891 2566 quod
918 2519 967 2554 te
993 2527 1092 2554 non
1118 2514 1281 2567 fugit,
1317 2517 1462 2567 inquit,
1490 2514 1614 2554 haec
1641 2520 1759 2554 sunt
1786 2519 1835 2555 in
1861 2516 1954 2555 hoc
1982 2528 2181 2569 genere
2208 2516 2428 2565 (scribendi
2454 2516 2504 2557 de

203 2590 458 2640 semetipso)
476 2591 575 2628 viti
590 2601 633 2628 a:
672 2592 724 2627 et
751 2588 1104 2628 verecundius
1138 2593 1245 2642 ipsi
1282 2589 1337 2630 de
1365 2601 1484 2628 sese
1521 2589 1757 2629 scribant
1786 2578 2016 2631 necesse
2044 2596 2146 2641 est,
2185 2594 2229 2630 si
2267 2589 2382 2642 quid
2416 2593 2502 2629 est

203 2658 532 2711 laudandum,
561 2666 610 2700 et
634 2665 990 2712 praetereant,
1027 2665 1075 2701 si
1104 2662 1222 2714 quid
1248 2662 1720 2714 reprehendendum
1756 2668 1852 2703 est.

306 2730 484 2783 Sedjam
501 2732 712 2773 redeamus
728 2733 779 2774 ad
788 2733 1014 2786 Timaeum,
1042 2739 1207 2788 propter
1225 2748 1343 2788 quem
1360 2737 1455 2777 haec
1472 2739 1605 2776 omnia
1623 2736 1900 2777 disseruimus.
1954 2735 2113 2777 Patebit
2133 2737 2239 2774 enim
2253 2733 2364 2775 haud
2381 2733 2500 2776 dubie

203 2813 255 2848 ex
276 2807 329 2847 iis
344 2833 357 2857 ,
394 2816 497 2858 quae
524 2806 717 2858 diximus,
752 2820 834 2851 nou
854 2809 897 2852 id
914 2810 1163 2862 ‚Timoleonti
1191 2810 1420 2853 Ciceronem
1445 2814 1628 2864 potuisse
1652 2811 1848 2866 gratulari
1859 2839 1871 2862 ,
1906 2808 2008 2862 quod
2031 2808 2138 2850 fictis
2168 2813 2406 2853 commentis
2430 2820 2496 2851 res

284 3029 322 3067 ’)
342 3027 596 3068 Οἰλδοὶιεη,
621 3028 743 3064 Cicero
758 3028 797 3062 in
810 3030 938 3065 seineri
949 3031 1110 3072 Briefem
1133 3043 1211 3074 pag.
1234 3037 1304 3067 154.
1328 3039 1397 3067 2⁰5.
