2807 3289
1212 171 1474 213 ...13-

216 308 342 348 istius
358 306 449 346 vitii
475 299 542 341 vel
572 300 711 340 causis
736 298 803 340 vel
825 298 1084 339 excusatione
1109 295 1304 349 disputari
1328 300 1497 349 possint.
1554 294 1741 336 Ceterum
1768 295 1817 335 de
1831 280 2096 337 Timoleontis
2119 296 2242 337 rebus
2271 296 2339 336 uhi
2372 300 2526 349 quaeri.

196 359 205 367 ¹
218 364 411 431 tannim!
424 374 497 416 'est
511 372 746 424 verendum,
783 381 835 411 ne
857 370 970 411 illius
994 373 1071 411 viri
1095 369 1269 410 obfuerit
1283 370 1414 410 famae
1434 370 1614 420 acerbior
1632 373 1841 422 scriptoris
1861 370 2035 422 indoles3
2063 371 2152 423 ejus
2167 376 2274 412 enim
2296 371 2525 423 perhibetur

217 451 326 499 ultra
344 447 555 488 'veritatem
574 446 782 486 studiosus
801 443 932 484 fuisse
945 473 957 495 ‚
986 455 1066 496 qua
1085 442 1134 483 de
1151 454 1198 483 re
1213 448 1359 496 postea
1378 443 1634 485 disseremus.
1702 442 1850 483 Contra
1876 443 1915 484 id
1932 457 1957 483 a
1975 447 2060 484 veri
2088 444 2346 485 similitudine
2364 457 2442 483 non
2459 443 2526 484 ab·

204 523 380 573 horret,
409 521 458 561 de
472 520 656 559 hostibus
677 518 939 557 Timoleontis
959 522 1078 568 atque
1095 516 1338 556 adversariis
1361 529 1449 556 eum
1469 518 1647 557 fortasse
1664 519 1780 555 nimis
1797 519 1954 555 inimico
1974 520 2105 556 animo
2116 516 2323 569 judicasse
2340 530 2388 557 ac
2403 516 2527 557 tradi·

217 594 349 646 disse,
379 607 479 647 quae
497 596 682 634 veritatis
699 590 859 631 modum
875 590 1128 629 excederent.
1156 612 1206 619 —
1234 590 1302 645 De
1320 592 1564 630 orationibus
1577 603 1602 628 a
1624 590 1787 629 Timaeo
1805 591 1912 629 fictis
1924 620 1936 641 ,
1966 603 2101 629 rerum
2119 604 2166 629 ac
2185 603 2445 642 personarum
2462 601 2526 628 ra-

216 668 314 708 tioni
332 679 472 720 parum
493 669 618 719 aptis,
649 676 751 716 quae
767 663 865 703 dicit
884 662 1092 715 Polybius,
1121 675 1218 703 vera
1237 674 1353 713 esse,
1381 677 1454 703 non
1474 663 1606 704 solum
1622 663 1790 703 aliorum
1810 664 2071 716 comprobant
2088 667 2328 716 scriptorum
2346 665 2528 702 testimo·

216 743 304 792 nia,
332 740 406 780 sed
423 743 544 779 etiam
560 766 573 789 ‚
603 749 705 790 quae
731 740 820 789 ipse
838 736 1032 789 Polybius
1056 736 1198 788 affert,
1234 737 1425 789 exempla.
1490 736 1670 777 Quorum
1698 738 1966 790 exemplorum
1995 751 2115 791 quum
2137 752 2253 777 unum
2276 741 2444 790 petitum
2470 738 2528 776 sit

216 814 272 862 αἱ),
296 793 477 853 oratione
491 840 504 863 ,
543 814 623 863 ipsi
648 811 890 851 Timoleonti
919 811 1089 861 tributa,
1129 823 1206 862 quo
1231 811 1391 850 facilius
1418 814 1662 863 perspiciant
1686 811 1880 862 lectores,
1919 813 2036 864 quale
2051 812 2173 851 fuerit
2197 811 2388 864 frigidum
2412 809 2525 862 illud,

214 885 398 939 Longino
427 869 592 924 auctore
619 874 750 939 (περὶ
770 872 924 937 ὕψους
938 876 1009 920 IV·
1035 879 1099 930 2.)
1140 884 1294 923 Timaei
1316 889 1539 936 proprium,
1584 885 1741 936 Polybij
1767 885 1903 924 verbis
1937 885 2014 924 huc
2042 885 2391 924 transscribamus.
2453 882 2526 923 Ait

213 963 319 1000 enim
336 958 428 1010 ille,
458 957 721 998 Timoleontis
738 957 842 1009 apud
853 957 1079 1008 Timaeum,
1107 960 1340 1010 priusquam
1357 971 1528 1010 pugnam
1544 971 1631 997 cum
1651 958 1796 997 Poenis
1811 962 2091 1009 committeret,
2121 971 2217 997 suos
2235 958 2284 997 ad
2295 956 2525 1009 'proeliandi

214 1031 487 1073 fortitudinem
506 1031 755 1071 exhortantis
773 1030 895 1071 talem
918 1030 1004 1072 fere
1024 1030 1154 1071 fuisse
1175 1033 1415 1071 orationem:
1442 1027 1624 1087 πρῶτον
1646 1022 1732 1082 μὲν
1753 1020 1950 1084 α’ξιοῖμῆ
1966 1022 2176 1081 βλέπειν
2199 1022 2312 1086 πρός
2335 1021 2389 1071 τὸ
2400 1023 2528 1071 vxi.

216 1096 307 1146 θος
325 1101 419 1143 τῶν
444 1095 733 1144 ὑπεναντίων
746 1094 893 1143 οἰλλοὶ
904 1095 1018 1159 προς
1028 1095 1113 1145 riv
1129 1091 1412 1159 οἶνανὸρείαν.
1472 1095 1555 1146 xa>
1571 1096 1666 1159 γάρ
1679 1101 1759 1155 τῆς
1767 1095 1945 1154 Λιβύης
1967 1095 2153 1154 οἱποίσης
2165 1100 2366 1155 συνεχῶς
2385 1096 2527 1144 οἰκου-

213 1169 350 1230 μένης
370 1167 453 1217 καὶ
470 1167 773 1227 πληθυούσης
796 1167 1090 1231 ἀνθρώπων,
1123 1165 1263 1225 ὅμως,
1287 1172 1338 1217 ὲν
1358 1172 1461 1218 ταῖς
1482 1169 1742 1232 παροιμίαις
1755 1206 1767 1225 ,
1800 1165 1915 1216 ὅταν
1938 1169 2045 1232 irrep>
2060 1169 2240 1232 ἐρημίας
2257 1168 2399 1233 φάσιν
2416 1168 2528 1226 βου-

214 1239 428 1302 λώμεθα
451 1247 653 1300 ποιῆσαι,
685 1242 848 1302 λέγειν
870 1241 991 1302 ἡμᾶς
1018 1239 1346 1305 ἐρημότερα
1377 1247 1474 1299 τῆς
1503 1240 1753 1300 Λιβύης,
1788 1240 1868 1289 οὐκ
1891 1242 1976 1291 ἐπὶ
1994 1243 2079 1302 τήν
2098 1242 2283 1306 ἐρημίαν
2307 1243 2532 1305 φέρονται·

217 1313 298 1365 τᾶν
322 1313 491 1375 λόγον,
524 1313 647 1364 ἀλλ’
667 1314 750 1364 ἐπὶ
772 1315 856 1374 τῆν
881 1310 1150 1378 οἰνανὸρείοιν
1178 1318 1272 1362 τῶν
1292 1312 1639 1362 κατοικούντων·
1668 1312 1887 1363 καθόλου
1917 1310 1989 1372 δὲ,
2024 1316 2156 1378 φησί,
2189 1316 2259 1365 τίς
2289 1313 2528 1379 φοβηθείη

215 1389 318 1438 τούς
343 1384 534 1451 ἄνδρας,
581 1385 740 1437 οἵτινες
760 1393 842 1437 τοῖς
863 1387 1039 1451 φύσεως
1058 1391 1190 1441 τοῦτο
1206 1389 1298 1435 τοῖς
1326 1384 1593 1451 οἰνθρώποις
1626 1381 1867 1437 δεδωκυίας
1886 1384 1990 1438 ἴδιον
2013 1388 2147 1453 παραὶ
2167 1388 2235 1438 τοὶ
2256 1387 2410 1438 λοιποὶ
2433 1391 2526 1436 τῶν

216 1460 366 1523 ζώων,
398 1461 530 1520 λέγω
549 1455 598 1509 δὲ
626 1460 718 1509 τοίς
737 1464 916 1524 χεῖρας,
949 1458 1130 1509 ταύτας
1153 1458 1265 1523 παρ’
1281 1456 1389 1508 ὅλον
1407 1460 1486 1509 τὸν
1511 1459 1614 1515 βίον
1635 1459 1764 1508 ἐντος
1782 1465 1875 1508 τῶν
1892 1460 2101 1520 χιτώνων
2121 1463 2312 1521 ἔχοντες
2335 1459 2527 1525 οἶπροὶκ-

213 1530 321 1584 trous
339 1534 646 1598 περιφέρουσι,
678 1529 797 1583 τὰδὲ·
815 1534 1056 1594 μέγιστον,
1090 1533 1131 1582 οἳ
1143 1532 1227 1582 καῖ
1239 1531 1339 1581 ὑπό
1355 1536 1448 1582 τοῖς
1463 1532 1770 1590 χιτωνίσκοις,
1804 1534 1936 1595 φησί,
1968 1534 2288 1597 περιζωμοίτια
2308 1540 2526 1598 φοροῦσιν,

217 1605 292 1659 ἵνα
310 1603 411 1669 μηδ’
427 1604 540 1657 ὅταν
563 1604 941 1663 οἷποθοὶνωσιν,ἐν
964 1609 1067 1657 ταῖς
1083 1604 1266 1668 μάχαις
1287 1603 1473 1671 φανεροὶ
1487 1604 1803 1665 «γίνωνταιτοῖς
1822 1605 2120 1660 ὑπεναντίοις.
2176 1618 2290 1657 Quae
2316 1630 2414 1656 sane
2442 1623 2526 1656 tan-

217 1697 362 1744 topere
378 1691 593 1731 abhorrent
611 1702 636 1730 a
653 1702 786 1729 rerum
805 1693 1073 1742 expositarum
1092 1693 1289 1744 gravitate
1305 1692 1459 1741 tamque
1478 1690 1613 1740 inepte
1635 1693 1729 1729 sunt
1749 1688 1877 1741 dicta,
1913 1696 1978 1742 ut,
2012 1691 2127 1743 eujus
2147 1695 2301 1731 animus
2321 1706 2342 1718 r
2355 1691 2527 1731 ·.ululum

218 1769 280 1804 -sit
296 1756 396 1803 recti
416 1764 629 1817 decorique
650 1776 773 1803 sensu
791 1764 989 1815 imbutus,
1019 1763 1211 1803 delectari
1228 1767 1279 1803 iis
1298 1755 1406 1802 nullo
1430 1761 1547 1802 modo
1571 1766 1716 1815 possit.
1772 1762 1827 1802 At
1842 1766 2044 1804 enimvero
2064 1765 2177 1805 nobis
2194 1765 2269 1805 hoc
2287 1778 2406 1805 unum
2425 1777 2525 1804 nunc

220 1843 470 1892 propositum
483 1843 569 1888 est,
598 1828 643 1877 ut
662 1851 919 1889 quaeramus,
960 1839 1114 1876 Timaei
1138 1842 1305 1876 maxime
1323 1841 1601 1875 auctoritatem
1619 1841 1655 1875 si
1675 1843 1868 1887 sequutus
1888 1841 1942 1874 sit
1961 1841 2000 1875 in
2020 1838 2283 1876 Timoleontis
2313 1842 2395 1877 vita
2411 1849 2526 1876 enar·

218 1910 344 1953 tanda
359 1911 599 1952 Plutarchus
613 1941 626 1960 ,
664 1924 757 1950 num
775 1915 939 1962 propter
953 1909 1075 1960 illud,
1113 1923 1191 1962 quo
1211 1910 1400 1950 Timaeus
1417 1923 1517 1950 usus
1545 1915 1632 1959 est,
1669 1910 1920 1960 eloquentiae
1949 1924 2098 1962 genus,
2138 1916 2329 1962 suspecta
2348 1923 2443 1950 esse
2463 1910 2529 1951 de·

217 1985 315 2025 beat
334 1977 466 2024 rerum
483 1996 507 2022 a
520 1982 736 2022 Plutarcho
763 1981 812 2024 de
832 1981 1082 2020 Timoleonte
1107 1982 1339 2022 traditarum
1355 1986 1519 2024 veritas,
1573 1981 1665 2022 Non
1689 1981 1901 2022 dubitarim
1923 1983 2108 2034 equidem
2126 1983 2350 2034 affirmare,
2374 1984 2428 2023 nil
2452 1984 2530 2023 hac

160 2070 176 2075 “
220 2070 267 2098 re
288 2059 444 2098 detrahi
468 2058 517 2097 de
534 2056 740 2095 Plutarchi
757 2055 848 2094 fide.
906 2054 1037 2094 Quum
1067 2057 1172 2093 enim·
1196 2053 1349 2093 duabus
1373 2060 1540 2095 maxime
1554 2054 1677 2092 rebus
1691 2057 1941 2094 contineatur
1965 2056 2146 2096 historici
2173 2061 2382 2109 scriptoris
2408 2057 2527 2108 fides,

228 2111 384 2181 rerum,
415 2141 517 2182 quae
540 2132 773 2177 narrantur,
803 2131 994 2178 veritate,
1023 2132 1065 2167 et
1096 2131 1354 2168 conveniente
1378 2140 1507 2167 rerum
1534 2130 1678 2166 rationi
1708 2140 1756 2166 ac
1777 2133 1942 2168 naturae
1961 2130 2114 2169 dicendi
2139 2143 2287 2183 genere
2312 2136 2355 2170 et
2380 2131 2528 2182 colore,

227 2208 439 2257 utrumque
456 2215 552 2243 esse
571 2202 690 2242 debet
714 2204 753 2240 in
772 2200 952 2253 perfecto
969 2200 1227 2242 historiarum
1247 2205 1464 2254 scriptore,
1503 2205 1715 2254 utrumque
1740 2216 1865 2257 grave
1891 2209 1956 2243 est
1982 2204 2031 2243 ad
2054 2204 2246 2255 judicium
2264 2204 2312 2243 de
2336 2208 2424 2243 eius
2447 2204 2528 2244 fide

222 2277 451 2329 ferendum,
481 2276 553 2316 sed
570 2279 734 2329 gravius
750 2277 975 2327 posteriore
993 2277 1120 2325 prius.
1175 2274 1280 2314 Nam
1300 2287 1368 2314 res
1387 2278 1521 2326 ipsae,
1552 2288 1654 2328 quae
1666 2281 1931 2328 exponuntur,
1961 2281 1997 2316 si
2021 2281 2091 2316 aut
2109 2290 2183 2316 non
2201 2282 2294 2316 sunt
2306 2277 2440 2318 factae
2458 2283 2529 2319 aut

221 2341 477 2403 plane'aliter
495 2356 588 2390 sunt
607 2350 761 2403 factae,
791 2349 901 2389 nulla
917 2361 1100 2400 umquam
1122 2347 1332 2400 eloquendi
1350 2352 1437 2387 arte
1458 2348 1654 2400 efficitur,
1682 2356 1727 2389 ut
1744 2353 1827 2389 veri
1849 2350 1998 2401 aliquid
2013 2354 2102 2389 eius
2119 2351 2226 2390 modi
2247 2351 2353 2392 liber
2365 2353 2528 2392 histori-

221 2434 335 2464 arum
353 2425 501 2481 habere
516 2425 710 2466 videatur.
773 2422 828 2464 At
847 2436 914 2463 res
938 2426 1052 2475 ipsas
1071 2422 1162 2462 dum
1179 2435 1228 2461 ne
1253 2421 1411 2461 finxerit
1429 2426 1601 2475 scriptor
1617 2424 1681 2463 vel
1703 2426 1891 2462 mentitus
1909 2423 2055 2475 fuerit,
2092 2428 2253 2464 etiamsi
2273 2427 2392 2466 modo
2411 2440 2527 2478 expo·

221 2501 351 2538 suerit
368 2511 507 2551 parum
526 2504 619 2553 apto
644 2510 772 2550 neque
790 2501 992 2550 proprium
1007 2496 1072 2536 vel
1091 2496 1290 2535 hominum
1316 2495 1382 2535 vel
1400 2508 1530 2535 rerum
1554 2497 1729 2536 colorem
1751 2500 1854 2535 satis
1876 2501 2157 2538 convenienter
2171 2503 2364 2550 servarit,
2393 2506 2525 2539 tamen

218 2563 363 2611 nudam
385 2585 518 2612 rerum
536 2577 713 2612 actarum
728 2573 909 2609 notitiam
927 2574 1014 2609 sine
1033 2570 1188 2609 fraudis
1204 2573 1429 2621 suspicione
1450 2569 1538 2609 inde
1555 2570 1718 2609 haurire
1735 2570 1876 2609 licebit
1894 2575 2119 2623 sagacioris
2137 2576 2284 2625 ingenii
2299 2573 2453 2612 lectori.
2472 2595 2522 2603 —

222 2642 437 2685 Orationes
457 2650 590 2685 autem
611 2657 744 2686 rerum
760 2646 1002 2683 enarrationi
1020 2646 1217 2694 insertas,
1258 2657 1489 2695 quamquam
1508 2646 1643 2696 inique
1669 2649 1711 2682 et
1733 2644 1888 2683 frustra
1901 2645 2018 2695 jubet
2034 2646 2224 2694 Polybius
2245 2649 2404 2685 omnino
2415 2646 2524 2685 exhi·

221 2716 307 2756 heri
326 2706 418 2766 eas,
449 2730 549 2769 quae
568 2730 710 2758 revera
724 2718 885 2758 habitae
904 2717 1074 2767 fuerint,
1102 2716 1142 2756 id
1169 2716 1274 2769 quod
1292 2729 1417 2770 neque
1437 2715 1524 2755 fieri
1551 2731 1737 2769 umquam
1756 2721 1886 2769 potuit
1902 2729 2027 2768 neque
2047 2716 2273 2756 faciendum
2290 2730 2386 2757 esse
2401 2723 2523 2770 prisci

220 2794 438 2842 scriptores
458 2794 808 2843 existimaverunt,
846 2796 979 2832 tamen
1009 2793 1221 2844 praecipue
1241 2794 1445 2843 potuisse,
1475 2802 1591 2842 quam
1613 2804 1708 2831 vere
1736 2794 1908 2845 scriptor
1932 2795 1972 2829 et
1991 2794 2247 2843 perspexerit
2270 2796 2313 2832 et
2334 2791 2523 2833 imitando

220 2865 403 2905 retulerit
420 2864 619 2903 hominum
640 2867 803 2915 ingenia
829 2870 1129 2918 temporumque
1150 2869 1351 2917 rationes,
1381 2865 1573 2915 indicare,
1604 2865 1645 2904 id
1672 2879 1786 2904 nemo
1811 2870 1890 2913 est,
1922 2867 1989 2915 qui
2014 2865 2165 2905 infitias
2186 2871 2264 2908 eat.
2319 2866 2459 2918 Itaque
2483 2872 2522 2909 si

225 2941 315 2990 quis
345 2942 515 2991 scriptor
536 2938 757 2991 ·10quentes
784 2938 938 2982 induxit
967 2941 1147 2983 homines
1175 2940 1426 2992 praeclaros,
1475 2952 1577 2992 quae
1605 2939 1672 2980 vel
1702 2941 1752 2980 ab
1788 2939 1944 2981 illorum
1973 2938 2106 2980 indole
2133 2953 2181 2980 ac
2214 2944 2352 2981 natura
2385 2940 2522 2983 aliena

273 3037 286 3057 Χ
